3802 6196
37 313 128 364 msc.
148 311 352 362 comminuit
808 289 870 364 285
1475 300 1519 366 Vl
1541 302 1666 366 56-58

32 482 63 535 iel
82 480 143 534 iilius
163 478 203 533 sal
225 479 362 548 privignus
379 478 464 547 ipsius
481 479 528 543 sit,
547 478 581 532 ad
599 493 657 533 eam
674 481 811 549 pervenire
861 487 943 550 cipati
960 483 1009 536 iiiii
1024 479 1127 536 filiaeve
1144 481 1315 537 snccmsione
1331 485 1476 549 tractatur,
1494 484 1556 539 filiis
1574 500 1608 540 ex
1624 484 1667 540 his

31 551 57 603 sd
75 546 259 601 similitudinem
284 563 405 602 sororum
426 547 525 601 mortui
547 546 590 600 rel
613 556 745 603 mortuae:
772 549 812 602 ita
859 550 974 617 genitis⁹
991 549 1127 603 deferatur
1143 550 1246 604 intacta
1262 565 1312 618 pro
1330 550 1414 605 solido
1429 553 1565 611 sncoessio
1581 570 1667 622 neque

31 625 109 677 aneo,
125 619 164 679 nt,
187 614 210 667 si
234 614 341 683 quidem
361 616 435 669 sobe
452 630 559 669 sorores
576 620 690 681 amatae
707 618 747 669 sel
766 632 811 670 co·
861 617 915 670 ulla
938 617 1080 671 deiunctae
1088 617 1110 649 ¹⁰
1131 618 1203 685 patri
1226 618 1305 672 matri
1323 634 1357 672 ne
1375 619 1538 675 concedatur
1554 621 1665 675 intesta·

30 688 109 753 patae
128 689 154 736 et
174 687 260 736 mater
282 683 401 737 defuncti
424 683 466 735 rei
485 682 628 736 defunctae
650 685 786 752 supersint
793 687 811 748 ¹,
860 690 905 738 tae
921 685 1097 739 successionis
1114 684 1257 739 hereditas.
1321 728 1327 739 .
1346 689 1410 741 11¹¹
1426 686 1452 741 t.
1466 687 1548 742 Mart.
1562 687 1666 742 Medio-

31 768 67 821 pro
81 756 189 804 retemm
209 750 297 817 legum
319 758 412 803 tenore
433 750 568 803 dimidiam
592 751 697 818 quidem
718 759 810 817 mater,
860 752 919 804 larii
936 751 1102 806 Merobaude
1120 766 1147 805 11
1163 759 1191 808 et
1207 751 1358 807 Satunrino
1377 769 1464 809 consa.
1553 760 1587 819 [a.
1606 761 1666 820 383)

31 820 120 873 alaram
128 832 186 870 raro
200 817 337 870 dimidiam
347 823 453 898 partem
466 833 557 871 omues
566 834 672 873 sorores
681 819 810 873 habeant:
893 818 1025 890 5¹²Imp.
1050 818 1221 874 liubmanni
1237 820 1267 873 A.
1287 820 1461 875 Demostheni
1478 838 1530 894 pp.
1565 823 1593 876 Si
1614 839 1667 891 qua

30 889 60 941 sin
71 900 125 939 iero
137 890 219 938 matra
236 890 383 953 superstite
400 889 427 939 et
444 885 528 939 fratre
541 887 582 939 vel
600 886 728 940 iratribus
746 887 811 941 solis
859 884 970 940 sslusuis
994 886 1089 940 mulier
1109 886 1193 940 filiuni
1214 903 1248 942 ex
1271 888 1350 942 iustis
1368 890 1470 958 nuptiis
1487 892 1667 970 procreaverit

30 956 59 1005 rel
72 953 143 1005 edam
159 968 218 1005 euni
236 953 375 1007 sororibus
393 953 536 1008 intestatus
554 954 613 1022 quis
627 955 668 1007 rel
682 955 811 1008 intestata
860 959 887 1007 et
904 955 1017 1007 alterum
1035 955 1156 1021 spurium
1174 955 1307 1019 habuerit,
1331 956 1375 1010 cni
1391 962 1469 1024 pater
1486 964 1605 1013 incertus
1621 958 1666 1016 sit.

30 1021 145 1085 nodatur,
168 1020 195 1072 in
219 1020 311 1087 capita
332 1020 509 1075 distribuatur
531 1021 589 1075 eius
610 1021 744 1076 hareditas
761 1036 811 1076 nec
860 1022 1081 1089 quemadmodum
1097 1037 1139 1075 res
1157 1028 1294 1077 maternae
1311 1024 1345 1076 ad
1361 1039 1409 1080 eos
1427 1025 1594 1093 perveniant,
1612 1027 1667 1078 sira

30 1090 90 1141 ierat
109 1087 183 1140 matri
206 1089 350 1142 occasione
371 1104 493 1142 sororum
516 1089 614 1143 mortui
630 1089 672 1144 vel
688 1095 811 1144 mortuae
859 1089 1042 1143 tantummodo
1057 1089 1092 1143 ad
1105 1090 1203 1143 liberos
1216 1090 1301 1144 iustos
1318 1091 1373 1146 sive
1390 1098 1417 1145 et
1433 1092 1468 1145 ad
1485 1093 1599 1159 spurios,
1618 1092 1666 1146 du-

30 1156 157 1223 anpliorem
177 1162 282 1234 partem
306 1156 357 1209 sibi
378 1156 526 1219 vindicare,
549 1172 627 1224 quain
645 1163 705 1210 rata
722 1158 809 1225 portio
863 1162 872 1209 l
910 1157 1056 1211 hitabatur.
1098 1158 1239 1212 Sanmmus
1261 1158 1359 1225 itaque,
1383 1165 1414 1212 ut
1430 1174 1516 1227 neque
1533 1175 1567 1213 ex
1583 1165 1666 1214 testa-

31 1224 124 1290 cipitnm
145 1237 186 1275 exi
206 1224 237 1274 ἰε
262 1230 361 1292 patruo
382 1223 487 1277 scilicet
508 1226 606 1277 mortui
627 1226 668 1279 sel
689 1231 811 1278 mortuae
860 1231 948 1279 mento
971 1240 1058 1304 neque
1081 1225 1116 1278 ab
1139 1224 1266 1280 intestato
1284 1241 1370 1294 neque
1387 1242 1404 1279 a
1419 1227 1580 1281 liberalitate
1597 1229 1668 1281 inter

32 1292 86 1343 ιίιι2
100 1290 151 1344 lilio
166 1306 197 1343 ve
225 1296 324 1371 nepote
341 1291 443 1344 nullum
455 1292 497 1344 ius
512 1291 548 1345 ad
563 1293 620 1346 eius
635 1292 810 1346 hereditatem
859 1292 932 1346 viros
955 1293 1048 1346 habita
1070 1292 1149 1347 iustis
1171 1292 1263 1347 liberis
1280 1294 1456 1348 existentibus
1473 1295 1573 1362 ahquid
1590 1295 1667 1363 peni·

34 1364 93 1410 uine
113 1357 207 1410 herede
229 1363 363 1411 existente
382 1359 543 1412 habentibus
561 1374 611 1413 neo
627 1376 659 1414 ex
677 1361 810 1414 vaedbus
858 1364 903 1413 tus
929 1360 964 1414 ab
989 1360 1138 1414 illustribus
1165 1361 1295 1415 matribus
1322 1361 1356 1415 ad
1382 1362 1488 1416 sanos
1519 1363 1666 1430 perveniat,

36 1426 108 1491 igibus
123 1425 162 1478 rei
179 1441 213 1478 ex
231 1426 469 1481 constitutionibus
486 1430 590 1495 partem
607 1427 700 1481 matris
717 1427 808 1480 minui.
860 1444 921 1480 cuin
947 1429 976 1482 in
1000 1428 1156 1481 mulieribus
1183 1428 1304 1494 ingenuis
1327 1435 1354 1482 et
1379 1378 1542 1496 iliustribus,
1568 1430 1666 1498 quibus

37 1500 42 1544 t
64 1494 103 1545 Sin
123 1497 210 1546 autem
232 1493 364 1548 defuncta
387 1509 502 1562 persona
525 1511 578 1549 non
596 1496 681 1549 solum
699 1501 809 1548 matrem
860 1495 992 1549 castimtis
1010 1496 1160 1549 observatio
1177 1496 1352 1577 praecipuum
1369 1496 1487 1551 debitum
1504 1504 1552 1560 est,
1574 1503 1602 1551 et
1618 1514 1666 1551 no·

34 1562 147 1613 ahatres
169 1566 197 1613 et
217 1576 326 1614 sorores
347 1562 505 1631 superstites
526 1563 637 1629 habeat,
661 1563 708 1616 sed
732 1564 810 1616 etiam
858 1562 956 1616 minari
982 1564 1089 1631 spurios
1114 1563 1179 1616 satis
1202 1564 1371 1630 iniuriosum,
1397 1564 1463 1618 satis
1488 1566 1614 1619 acerbum
1641 1570 1668 1619 et

33 1634 116 1694 panem
140 1628 163 1681 si
187 1628 296 1696 quidem
323 1629 364 1682 sui
390 1630 456 1684 iuris
482 1630 611 1693 decessit,
638 1631 700 1698 quia
744 1630 810 1684 atris
858 1631 959 1685 nosuis
976 1631 1141 1699 temporibus
1158 1630 1294 1699 indignum
1311 1647 1371 1685 esse
1388 1632 1535 1686 iudicamus
1553 1640 1580 1686 et
1596 1634 1667 1686 lianc

32 1711 118 1761 pruna
138 1696 320 1750 interveniens
341 1698 435 1751 matria
461 1698 521 1751 iura
546 1713 674 1765 superare
697 1648 809 1762 otietur,
858 1699 943 1766 legem
960 1698 1011 1768 ipsi
1027 1698 1180 1766 pudicitiae,
1199 1713 1280 1766 quam
1297 1714 1402 1766 semper
1418 1699 1556 1754 colendam
1574 1715 1667 1754 cenae·

31 1764 123 1815 iambus
139 1764 183 1831 pio
200 1764 293 1817 animo
308 1766 477 1831 providentes
493 1766 626 1820 sancimus
641 1766 737 1820 hanes
752 1766 809 1833 qui·
859 1772 875 1819 2
910 1782 977 1831 mus,
1003 1766 1097 1820 meritc
1124 1765 1287 1820 dedicamus.
1328 1766 1375 1820 Sin
1401 1772 1490 1821 autem
1516 1769 1668 1822 concubina

30 1830 72 1881 deri
90 1836 115 1882 et
134 1847 238 1884 sorores
262 1836 386 1886 mortuae
406 1847 539 1900 personae
562 1833 597 1887 ad
614 1834 810 1888 successionem
858 1834 960 1887 liberae
985 1834 1149 1887 condicionis
1175 1834 1321 1887 constituta
1351 1834 1434 1887 tilium
1460 1835 1501 1888 rel
1525 1835 1608 1888 filiam
1633 1848 1668 1888 ex

30 1897 169 1964 proprietatis
187 1900 263 1952 solos
277 1915 327 1967 pro
340 1900 410 1953 virili
419 1907 501 1981 parte
516 1901 614 1965 vocari
632 1902 703 1982 patri
720 1908 810 1955 autem
859 1901 934 1954 licita
952 1900 1143 1955 consuetudine
1161 1901 1196 1955 ad
1212 1900 1345 1957 hominem
1362 1902 1475 1955 liberum
1491 1902 1586 1955 habita
1603 1918 1667 1971 pro·

30 1966 132 2018 etuatri
156 1982 222 2020 usus
246 1967 354 2020 fructus
376 1972 460 2021 totius
482 1970 660 2024 successionis
687 1971 810 2024 bessem³
860 1971 997 2031 oraverit,
1015 1984 1062 2023 eos
1079 1969 1159 2022 etiam
1177 1984 1238 2022 cuni
1256 1969 1378 2035 legitimis
1392 1970 1483 2023 liberis
1497 1970 1532 2023 ad
1547 1975 1668 2023 materna

31 2040 256 2170 sustulit
270 2035 440 2170 'stitia
453 2042 561 2158 stitit
574 2036 811 2172 {tibitibi
858 2037 950 2159 litt
967 2038 1212 2170 imbibitis?
1228 2036 1419 2159 uteie
1434 2038 1666 2160 ‘imbibit'

32 2170 42 2245 l
68 2183 160 2246 sorores
181 2174 353 2251 remanente..
390 2170 437 2223 Sin
459 2188 522 2226 sero
545 2172 672 2253 defuncta
694 2188 810 2253 persona
861 2171 960 2273 cmii
977 2189 1029 2226 one
1046 2171 1130 2225 Decio
1148 2187 1186 2251 vc.
1205 2188 1278 2225 cans.
1379 2240 1386 2253 ·
1524 2177 1586 2253 ο[ιι.
1606 2176 1665 2236 529]

32 2240 240 2377 latui?
262 2239 809 2375 &libidinositatis
859 2237 1322 2376 ..tintinnabulum
1336 2238 1668 2388 iniustitia

32 2374 91 2423 mat
108 2371 190 2426 donec
211 2374 287 2426 urat
303 2373 502 2442 incorruptum,
525 2381 610 2429 mater
627 2382 727 2439 autem,
746 2375 810 2443 quia
859 2391 912 2443 quo
938 2375 1049 2429 libertas
1072 2374 1168 2430 relicta
1190 2381 1243 2439 est,
1269 2390 1371 2429 moram
1393 2391 1421 2428 in
1444 2375 1569 2429 libertate
1588 2390 1666 2443 prae·

34 2436 81 2489 iuna
94 2455 165 2492 usum
181 2442 304 2493 fructum
321 2442 420 2495 habere
436 2442 540 2495 visente
556 2448 633 2511 patre
649 2458 703 2496 nou
721 2447 810 2512 potest
859 2442 956 2497 stando
973 2443 1089 2497 iaciente
1106 2443 1211 2511 peperit
1227 2442 1332 2497 ancilla.
1367 2448 1396 2496 et
1418 2458 1477 2497 esse
1499 2442 1605 2512 quidem
1625 2443 1666 2496 in·

37 2512 90 2556 tuan
105 2507 174 2574 apud
189 2515 297 2575 patrem
315 2509 501 2575 constitutum,
526 2526 581 2563 una
603 2510 809 2564 cumfratribus
858 2526 974 2578 genuum
995 2526 1107 2578 puerum
1130 2511 1171 2564 vel
1193 2510 1322 2579 puellam,
1345 2510 1391 2579 qui
1413 2515 1476 2578 post
1492 2525 1593 2565 moram
1611 2511 1667 2564 nati

41 2570 141 2627 ιιιιιιιιιι
157 2590 292 2653 personae
309 2575 344 2628 ad
360 2577 550 2644 proprietatem
568 2586 684 2638 vocetur.
707 2578 810 2632 scilicet
860 2584 930 2641 sunt,
949 2593 1040 2632 omnes
1056 2578 1153 2632 venus
1170 2578 1235 2631 iuris
1252 2582 1378 2632 auctores
1392 2580 1572 2639 consentiunt,
1589 2578 1666 2631 dubi·

42 2654 75 2690 un
89 2644 219 2696 sororibus
242 2643 305 2697 sols
322 2644 349 2696 in
367 2644 513 2711 dimidiam,
538 2661 598 2699 cuin
621 2646 752 2699 fratribus
769 2645 810 2698 vel
859 2647 969 2700 labatur
990 2651 1081 2700 autem
1102 2646 1172 2701 inter
1193 2660 1240 2699 eos
1276 2646 1299 2698 si
1324 2646 1404 2699 matri
1430 2646 1552 2700 morienti
1577 2650 1667 2715 potest

39 2708 143 2770 moisem
163 2710 273 2777 generis
297 2711 443 2765 secundum
465 2728 548 2781 supra
571 2714 697 2781 scriptam
720 2713 809 2767 distri·
862 2719 873 2766 1
916 2714 1068 2767 succedere.
1109 2687 1270 2767 Huiusmoili
1292 2713 1383 2780 itaque
1405 2713 1598 2767 dubitationem
1621 2729 1666 2767 eo·

36 2774 185 2831 liudonem
208 2778 237 2831 iii
261 2778 364 2831 virilm
387 2781 545 2847 portionem.
585 2781 714 2835 Omnibus
737 2781 809 2834 vide-
859 2797 917 2835 ram
935 2780 1086 2834 decidentes
1104 2781 1216 2834 ulterius
1233 2795 1292 2834 eam
1309 2780 1454 2850 procedere
1471 2798 1523 2834 non
1541 2782 1667 2849 patimur,

32 2838 85 2905 hcet,
106 2860 169 2912 quae
192 2846 226 2899 de
249 2845 407 2901 mulieribus
430 2847 465 2901 ad
487 2849 618 2902 secundas
636 2850 743 2917 nuptias
760 2849 809 2901 mi-
859 2849 906 2901 sed
925 2849 1060 2903 sancimus
1077 2848 1188 2903 eandem
1210 2849 1303 2903 matris
1320 2849 1472 2916 progeniem
1489 2848 1614 2902 heredem
1631 2849 1666 2902 ab

77 2910 138 2965 tibus
159 2914 267 2966 sancita
295 2918 371 2979 sunt,
397 2916 442 2967 inl
467 2931 516 2970 suo
540 2922 613 2970 statu
639 2916 807 2971 durantibus.
859 2917 985 2970 intestato
1010 2932 1091 2984 posse
1117 2916 1142 2969 ei
1164 2916 1291 2980 existere,
1316 2916 1388 2970 salvo
1413 2916 1471 2969 iure
1493 2916 1610 2983 legitimo
1633 2932 1666 2970 ex

49 2975 86 3029 .t.
99 2978 153 3035 iun.
169 2981 410 3052 Constantinopoli
433 2982 477 3036 dn.
494 2983 648 3038 Iustiniana
669 2986 700 3038 Α.
714 3002 764 3055 pp.
784 2997 812 3037 11
859 2984 1019 3037 auctoritate
1037 2989 1146 3038 senatus
1164 2984 1281 3038 consulti
1298 2981 1431 3038 Orfitiani,
1442 2984 1512 3053 proli
1535 2984 1665 3037 servando

31 3056 84 3095 ‘⁰¹⁸⁸-
694 3056 729 3116 [α.
748 3051 809 3120 sis]
859 3056 888 3105 et
904 3057 959 3104 tani
976 3057 1060 3104 matre
1078 3067 1110 3105 ex
1128 3058 1237 3106 senatus
1261 3052 1383 3105 consulto
1402 3051 1568 3105 Tertulliano
1587 3066 1666 3119 quani

879 3120 935 3173 role
953 3135 986 3173 ex
1003 3119 1133 3173 Orfitiano
1154 3125 1263 3173 senatus
1281 3119 1404 3173 consulta
1422 3119 1535 3172 invicem
1552 3119 1585 3171 ad
1603 3134 1666 3173 suas

859 3136 1023 3240 Hereditates
1040 3187 1214 3241 sementibus.
1255 3185 1288 3240 1).
1307 3185 1333 3239 b.
1354 3184 1410 3241 Oct.
1431 3187 1667 3258 Constantinopoli

860 3254 1012 3326 Lampadio
1030 3261 1057 3309 et
1075 3253 1224 3309 Orestem
1243 3269 1281 3308 ea.
1299 3270 1386 3309 conss.
1552 3258 1588 3319 [a.
1606 3257 1666 3318 530]

353 3324 458 3385 LVII.⁵

76 3420 115 3469 in
130 3422 282 3474 sasinus
300 3399 504 3475 cousunnui'i
522 3424 757 3476 aemulantum*

55 3513 64 3570 i
87 3516 148 3591 inp.
171 3522 387 3580 maundaria.
418 3522 569 3596 Enanpelo.
609 3524 638 3578 Si
665 3525 809 3579 intestatae

30 3584 121 3641 audens
138 3590 328 3659 consanguinei
345 3592 462 3645 exuunt
480 3594 525 3646 et⁰
541 3598 627 3647 mater
644 3598 672 3647 et
687 3592 755 3656 filia,
774 3592 809 3646 ad
1201 3596 1332 3657 LV111,¹⁸

31 3650 93 3706 lolam
115 3654 191 3710 filiani
215 3675 249 3713 ex
272 3665 382 3712 senatus
404 3661 527 3713 consulto
550 3661 681 3715 Orfitiano
704 3660 808 3714 heredi-
1014 3696 1061 3746 DE
1078 3696 1257 3747 LEGITIMIS
1274 3695 1501 3746 HEREDIBUS„

31 3722 184 3787 muciano.
220 3725 635 3782 bennanhusun
656 3727 808 3783 etDeactro
1502 3733 1508 3745 '

77 3805 90 3840 s

697 3801 732 3859 [a.
748 3801 808 3859 225]
894 3795 908 3852 1
938 3793 1006 3867 Imp.
1030 3794 1189 3851 Alexander
1206 3797 1238 3851 A.
1258 3795 1350 3849 Cassio
1374 3802 1401 3848 et
1422 3794 1592 3849 Hermionae.
1633 3795 1665 3847 In

31 3798 100 3908 wisi
155 3859 369 3915 .Diocletianas
390 3868 418 3917 et
434 3861 623 3917 Maximianus
639 3863 695 3917 AA.
714 3870 742 3918 et
760 3863 808 3917 CC.
859 3864 1029 3919 successione
1045 3863 1123 3917 titulo
1147 3862 1384 3931 consanguinitatis
1411 3862 1452 3916 rel
1480 3862 1508 3914 in
1534 3862 1665 3915 honorum

31 3874 183 3981 lenonibus.
226 3929 288 3982 Non
315 3945 363 3996 pro
386 3945 496 3984 numero
520 3930 694 3998 anpemltum
716 3933 809 3985 mortis
858 3931 1035 4052 possessione,
1054 3945 1123 3999 quae
1140 3931 1318 3998 proximitatis
1337 3931 1441 3983 nomine
1457 3930 1592 3997 competit,
1610 3934 1665 3982 tani

30 3991 100 4044 mains
114 3998 242 4064 tempore,
260 3996 309 4050 sed
326 3998 524 4051 succedentium
541 4004 662 4051 materna
679 3999 810 4052 scinditur
872 4005 956 4053 ratres
975 4015 1054 4067 quani
1072 4013 1176 4052 sorores
1194 3999 1254 4079 pari
1268 3998 1326 4051 inre
1340 4012 1407 4061 esse,
1425 3997 1489 4050 licet
1506 4012 1560 4050 uon
1574 3996 1666 4050 eadem

34 4058 41 4103 l
67 4056 192 4116 hueditm.
228 4065 337 4132 Quapro
357 4071 399 4118 ter
417 4065 440 4119 si
457 4069 542 4119 mater
558 4070 649 4119 restra
665 4072 693 4120 te
711 4072 738 4121 et
755 4082 808 4121 nno
858 4074 944 4120 matre
958 4082 1022 4120 susc
1056 4069 1100 4118 tae
1113 4070 1184 4131 sunt,
1203 4082 1244 4120 ius
1258 4072 1360 4119 certum
1374 4072 1423 4118 est.
1450 4065 1575 4118 nechnic
1588 4063 1665 4117 dero·

32 4118 93 4204 halfe
114 4132 299 4200 emancipatis,
349 4135 436 4187 uobus
467 4137 556 4186 autem
582 4134 642 4187 aliis
667 4134 696 4186 in
720 4136 809 4203 patria
876 4140 950 4201 atur,
974 4150 1026 4201 qno
1067 4135 1162 4187 amitas
1185 4139 1287 4187 vestras
1309 4131 1345 4186 sb
1371 4147 1421 4211 aro
1448 4138 1536 4210 vestro
1559 4131 1666 4185 dotatas

32 4198 102 4270 illiba
116 4203 244 4263 pensan
262 4201 452 4279 superstitibus
474 4201 543 4282 diem
559 4201 654 4255 functa
670 4206 712 4255 est
729 4208 757 4255 et
773 4203 808 4267 hi,
858 4150 941 4280 inisse
967 4200 1124 4271 proponitis.
1170 4199 1226 4254 ΡΡ.
1253 4218 1315 4253 non.
1340 4198 1406 4253 Mar.
1434 4198 1559 4254 Maximo
1584 4213 1610 4252 11
1639 4206 1667 4253 et

33 4271 243 4388 &paimei
256 4267 809 4405 ἓῗιῗοξθξῖῗιῖῃὲθξιὲυῗιῗιᾙιίῗῆἓεᾞῗιῗ)
859 4271 1084 4392 Αῗὲωῗιῗιιισιῗζωὲ.
1105 4334 1236 4390 Tatianae
1253 4342 1279 4389 et
1296 4335 1366 4388 aliis.
1401 4333 1430 4387 Si
1448 4334 1514 4395 sius,
1533 4270 1665 4414 (1)(ξεῖιῖἒέ

32 4400 84 4474 ιιι),
98 4404 161 4453 mter
177 4401 244 4456 duos
261 4408 366 4456 tantuin
384 4404 472 4457 viriles
489 4419 545 4457 non
562 4404 704 4472 ambigitur
721 4406 808 4458 lactas
858 4403 971 4458 heredes
996 4404 1125 4469 institnit,
1151 4403 1224 4473 patri
1249 4419 1302 4456 non
1326 4402 1470 4471 quaesistis
1492 4400 1665 4480 hereditatem

32 4466 149 4521 emona.
175 4467 202 4522 S.
217 4484 262 4523 eir
273 4469 299 4523 lc.
310 4474 334 4523 A
374 4470 397 4523 Ἰ.
412 4472 496 4524 Sirmi
503 4472 559 4524 ΛΑ.
576 4474 677 4525 conss.⁷
703 4477 737 4537 [a.
749 4477 807 4536 293]
878 4475 1005 4539 osteaqns
1022 4477 1128 4525 mortuo
1145 4476 1222 4538 patre
1240 4486 1272 4524 ac
1290 4470 1429 4537 repudiata
1442 4470 1500 4523 eius
1516 4468 1665 4521 hereditate

56 4524 70 4582 3
92 4529 159 4587 idem
179 4538 235 4590 AA.
262 4545 290 4590 et
313 4538 360 4592 ι’.
386 4537 519 4592 Iulianae.
561 4539 644 4593 Matri
665 4540 809 4594 intestatae
858 4490 1002 4593 Seiunctus
1023 4539 1220 4592 successionem
1241 4538 1399 4605 agnovistis,
1422 4552 1467 4602 ea,
1491 4551 1560 4604 quae
1581 4536 1665 4589 hono·

33 4589 148 4670 binaeue
168 4605 314 4658 secundani
336 4604 495 4659 Orfitianum
519 4611 629 4661 senatus
658 4608 809 4661 consultum
857 4623 917 4661 rum
944 4612 1006 4661 sunt
1029 4605 1186 4672 deiunctae,
1213 4606 1247 4658 ab
1269 4606 1310 4659 his
1334 4605 1466 4684 saporam,
1489 4618 1557 4671 quae
1580 4604 1665 4683 patris

34 4666 84 4716 lira
96 4666 218 4724 bonorum
235 4674 431 4740 possessionem
447 4674 565 4743 filispro
580 4674 678 4729 herede
691 4675 808 4742 gerendo
858 4674 939 4729 vestri
963 4673 1086 4739 fuerunt,
1119 4687 1226 4741 praeses
1258 4672 1410 4740 provinciae
1438 4687 1492 4724 non
1523 4670 1664 4738 ignorabit.

33 4734 150 4789 ursmare
177 4755 231 4793 non
262 4740 427 4808 prohibetur.
475 4741 503 4794 S.
531 4755 581 4795 xii
603 4742 630 4796 b.
657 4741 725 4797 Nou.
751 4744 807 4797 AA.
859 4741 915 4796 PP.
931 4756 960 4795 rr
975 4741 1045 4794 idA
1065 4740 1108 4793 ril.
1120 4740 1299 4795 Gordianum
1310 4738 1442 4793 etAuiolo
1453 4754 1540 4792 conss.
1560 4740 1594 4803 [a.
1605 4742 1664 4801 239]

33 4802 110 4852 ‘liii-²
695 4816 729 4874 [a.
749 4814 808 4874 293]
893 4807 911 4867 3
940 4807 1009 4880 lmp.
1063 4810 1136 4861 eiius
1156 4810 1188 4861 A.
1216 4806 1430 4878 Asclepiodotus.
1473 4805 1664 4885 Consangnini·

57 4863 202 4945 4⁸!mppp.
227 4873 376 4930 Gratianus
405 4874 612 4931 Valentinianus
637 4884 665 4931 et
688 4877 808 4932 ibeodo-
858 4878 922 4931 tatis
945 4877 1003 4935 iure
1026 4882 1053 4930 et
1075 4876 1187 4929 feminas
1211 4875 1245 4929 ad
1263 4875 1450 4953 intestatorum
1469 4886 1665 4951 successionem

34 4941 76 4983 Μ
88 4937 159 4993 ΑΑΑ.
176 4941 213 4995 ad
229 4942 404 4997 hilarianum
422 4961 473 5015 pp.
514 4935 642 5011 Quotiens
666 4945 700 4998 dc
718 4960 808 5000 eman-
861 4951 871 4999 t
913 4945 1018 4998 admitti
1041 4959 1121 5014 posse
1144 4942 1276 5012 explorati
1297 4942 1363 4996 iuris
1385 4947 1435 4995 est.
1470 4938 1586 4994 Proinde
1603 4954 1665 4992 eum

64 5047 196 5063 Ἃ,-
240 5058 1322 5067 m-—w-
1517 5054 1659 5063 --ὴ

36 5100 58 5157 lt)
71 5105 101 5156 tic
115 5109 173 5171 dett,
189 5112 315 5163 subement
334 5115 379 5165 Oli
451 5114 486 5178 (t)
503 5115 586 5165 eiusne
602 5134 649 5165 scr.
721 5117 756 5179 (3)
772 5118 810 5167 sic
859 5114 905 5179 (lt)
931 5116 966 5165 ad
980 5116 1058 5178 finem
1084 5115 1144 5166 libri
1164 5116 1227 5166 reali
1248 5111 1284 5164 L¹l
1304 5114 1367 5163 inter
1384 5111 1436 5163 alia
1453 5111 1574 5177 suppleuit
1590 5112 1664 5162 haec:

36 5168 84 5229 iai,
98 5187 159 5236 lma
178 5180 241 5243 Cliti,
257 5198 303 5246 pro
320 5180 388 5231 besse
405 5179 442 5233 ab
513 5183 546 5245 (t)
564 5182 591 5231 in
609 5184 675 5243 dett,
698 5202 742 5235 om.
763 5184 808 5235 cli
857 5181 901 5233 lib.
919 5199 948 5232 vi
966 5184 1005 5232 tit.
1023 5183 1054 5233 da
1070 5182 1190 5246 legitimis
1207 5179 1345 5230 heredibus.
1373 5178 1441 5229 Idem
1456 5194 1478 5227 a.
1494 5182 1519 5227 at
1533 5193 1568 5229 oc.
1595 5179 1665 5228 inter

36 5236 60 5291 (5)
75 5239 197 5305 Bilitio
211 5250 370 5316 sequ-Os.
378 5249 418 5300 Di
435 5286 441 5298 .
457 5251 498 5312 38,
512 5261 536 5301 tt
554 5251 614 5301 Iasi.
631 5254 683 5313 3,4
734 5252 769 5314 (t)
783 5254 808 5300 st
857 5266 910 5313 eos,
934 5252 978 5313 qni
1001 5250 1031 5299 de
1054 5249 1153 5300 inlicita
1169 5248 1208 5298 vai
1225 5249 1320 5297 incerte
1337 5247 1509 5311 procreatione
1526 5246 1580 5295 nati
1597 5250 1664 5305 sunt,

36 5299 69 5348 Μ
83 5325 126 5360 cun
135 5314 184 5360 ΒΣ
195 5318 227 5374 (κ.
236 5320 284 5379 π),
302 5336 345 5367 on.
359 5317 404 5368 GR
441 5314 452 5348 ⁸
502 5317 537 5379 (τ)
552 5317 602 5367 OO.
616 5333 694 5367 conss
709 5322 745 5379 (α.
755 5320 807 5381 aar)
857 5317 929 5367 nulla
945 5322 983 5368 est
999 5317 1119 5366 sumussic
1134 5315 1174 5367 rel
1188 5315 1333 5365 hereditatis
1347 5314 1444 5378 petitio,
1461 5312 1510 5362 nisi
1526 5311 1557 5362 ab
1572 5312 1663 5363 eisdem

37 5366 142 5444 biennem
189 5384 222 5443 (8)
238 5408 271 5427 =
286 5384 329 5435 Tb.
347 5387 373 5447 b,
391 5396 439 5445 ι,3
491 5385 526 5448 (a)
544 5385 660 5448 quotiens
677 5385 707 5435 de
722 5401 807 5435 ernan-
857 5383 973 5435 relietum
990 5384 1029 5434 vel
1053 5399 1195 5434 concessum
1218 5382 1304 5445 aliquo
1323 5380 1396 5431 modo
1412 5381 1479 5429 inter
1495 5394 1521 5429 se
1537 5379 1664 5430 doceatur.

38 5442 112 5498 epam
125 5445 185 5497 filiae
199 5466 261 5503 sucu
279 5455 321 5513 tr,
343 5451 402 5502 siliis
424 5466 453 5502 ex
471 5467 500 5502 ea
516 5453 609 5517 genitis
626 5473 678 5504 cun
697 5455 741 5504 Tb.
759 5472 805 5504 scr.
860 5453 1036 5520 Golposianam
1053 5454 1126 5518 lepem
1141 5469 1192 5503 esse
1207 5453 1255 5502 alii
1270 5450 1328 5500 libri
1341 5451 1437 5499 dimna·
1459 5449 1569 5498 haustam
1587 5458 1664 5499 aalma

37 5504 202 5566 (¹⁰l11'00cani
219 5519 270 5582 Tu,
283 5519 396 5569 defuncti
412 5520 443 5582 P,
457 5518 570 5570 defuncti
584 5520 622 5570 vol
636 5521 767 5570 deiunctae
781 5521 807 5570 R
857 5514 1667 5586 eseeealepeLiutprondiiLrimbardo2,s,t)oiditMerlcelapud

38 5568 70 5629 (Η)
87 5588 112 5624 ¹¹
133 5580 180 5643 Thu
203 5600 239 5633 XV
261 5587 330 5651 Hal,
356 5606 400 5639 orn.
419 5587 445 5637 P
525 5590 571 5650 (ii)
595 5590 667 5655 iunps
684 5592 709 5652 b,
727 5599 763 5650 st,
780 5599 806 5639 ib
857 5587 968 5654 Sauipnp
992 5586 1134 5637 Oescbicbte
1155 5588 1198 5637 des
1220 5585 1291 5636 Rbrn
1310 5584 1401 5635 Rechts
1417 5584 1442 5646 4,
1460 5594 1514 5634 tlt:
1540 5585 1664 5648 inscriptio

39 5640 72 5713 [13)
86 5656 109 5690 0⁸
123 5644 153 5695 Ρ
168 5657 256 5702 cum'B
271 5656 363 5715 (ιι.π.),
380 5671 410 5704 ex
431 5656 457 5717 0,
477 5674 520 5705 om.
539 5656 602 5706 Peli
672 5660 717 5719 lit)
735 5659 807 5721 iunpe
856 5656 968 5721 suppleta
990 5656 1085 5705 uidetur
1107 5675 1137 5706 ea
1154 5673 1174 5708 c.
1194 5664 1256 5705 t-9
1274 5653 1297 5702 l.
1316 5662 1347 5709 t..
1370 5652 1406 5702 ad
1428 5669 1490 5717 quas
1513 5653 1538 5701 in
1555 5652 1665 5729 margine

44 5716 128 5767 atu.
143 5725 165 5766 ιι
228 5724 270 5785 (ιι)
287 5722 315 5773 Β
331 5725 374 5785 lt,
392 5734 411 5785 ι,
428 5733 516 5775 is—is
534 5751 568 5761 -
589 5724 626 5789 Of
643 5723 703 5791 Dtp.
722 5726 762 5787 38,
781 5734 805 5774 is
856 5724 911 5774 olim
930 5723 1056 5788 caelpio
1067 5724 1148 5789 saeua
1202 5723 1249 5787 (ιι)
1262 5722 1339 5775 scribi
1353 5720 1435 5771 daban
1448 5719 1508 5783 inp.
1523 5717 1665 5771 (ιοιᾱιιιιιιι
