3850 6208
216 289 232 363 1
253 298 272 362 3
1026 280 1066 359 28
1637 298 1681 349 nn
1700 294 1869 350 emicans

212 482 258 532 tat
275 470 612 544 τῷτηντοιαύτηνίαυτῷ
627 472 800 545 περιποιῆσαι
836 471 954 544 persida,
971 478 1015 525 καὶ
1063 470 1104 524 del
1128 468 1282 553 ηιαιούμενοι
1304 464 1435 549 πρόνοιαν
1457 469 1516 521 τῶν
1537 461 1871 550 άγιωτάτανιίιαιλησιῶν,

212 549 310 599 τοῦτον
322 541 512 599 άποκινεῖσθαι
529 544 574 609 τῆς
587 541 710 607 τοιαότης
722 495 1015 612 φροντίδοςκείεόσμεν.
1064 535 1102 593 δι’
1123 560 1162 592 ων
1184 541 1228 590 καί
1250 535 1301 601 τὴν
1318 540 1448 607 ημετίραν
1464 532 1605 603 βασιλείαν
1625 532 1871 615 aperuisse-&aslum

213 619 245 668 tt
263 616 316 679 (10)
350 611 408 664 Ἐτι
428 612 596 677 θεσπίζομιν
613 610 715 663 πάντας
732 608 792 661 τοὺς
808 607 943 678 κληρικούς
956 607 1017 661 τούς
1063 605 1099 660 τὰ
1115 603 1191 659 κοινὰ
1208 602 1353 677 πράγματα
1369 605 1403 676 τῇ
1420 605 1467 656 τοῦ
1484 600 1683 682 φιλανθρωπου
1696 601 1771 681 θεον
1788 619 1873 679 χαριτι

213 683 244 731 ίν
255 676 485 746 ε’κάστηίκκλησία
494 675 533 729 δι’
545 676 650 729 ἑαυτῶν
662 674 775 745 ψάλλειν
788 676 822 726 τά
834 695 864 728 τε
877 675 1017 746 νυκτερινὰ
1064 673 1231 739 τειχίζεσθαι
1255 670 1484 737 πεπιστεύκαμεν,
1506 666 1571 722 dibi
1593 689 1649 738 μην
1670 672 1713 720 καὶ
1732 684 1784 721 τας
1801 687 1874 735 ημων

213 752 258 799 καὶ
271 746 304 800 τά
317 736 435 818 όρθρινὰ
450 749 495 796 καὶ
510 742 543 796 τὰ
558 741 693 816 ἕσπερινά,
715 748 759 793 καὶ
776 742 812 810 μὴ
827 741 912 811 μόνον
929 744 960 793 ἐν
975 743 1015 808 τῷ
1064 762 1094 794 τε
1116 745 1160 792 καί
1177 742 1235 792 τῶν
1252 737 1342 791 ἄλλων
1358 734 1489 793 ἁπάντων
1509 735 1594 805 ψυχάς
1615 732 1816 815 σπουδάζοντες
1833 752 1874 787 πε-

214 813 340 867 bannaia
351 813 385 865 τὰ
401 810 602 876 ίκκλησιαστικὰ
616 810 762 882 πράγματα
776 808 912 882 κληρικούς
926 814 1016 878 pairs·
1065 806 1232 881 ρισώζεσθαι
1248 810 1293 859 καί
1315 804 1411 859 τούτον
1432 804 1509 874 χάριν
1526 801 1727 872 ίπιμελούμενοι
1746 799 1795 853 δια
1811 820 1875 854 παν-

214 882 292 943 σθαι,
307 880 394 947 ὄνομα
402 882 453 947 μὲν
463 876 722 957 ίχονταςκληρικῶν,
759 876 974 943 ὴίπιτελαύντας
989 872 1018 927 δι’
1064 874 1111 928 τὰς
1132 877 1180 928 τοῦ
1196 871 1263 943 μήτε
1286 872 1320 927 τά
1343 874 1513 956 συμηιόροντα
1532 877 1590 924 ταῖς
1606 870 1624 923 ά
1641 869 1773 924 ιωτάταις
1790 865 1875 932 taeta

212 945 246 1000 τὸ
264 949 374 1018 πρᾶγμα
390 949 438 998 ‘cair
455 945 577 1018 κληρικοῦ
596 963 660 1017 προς
673 942 724 1008 τὴν
763 950 900 1016 ιτονργίαν
915 945 963 996 τοῦ
977 940 1017 995 δε·
1066 949 1136 995 σίαις
1157 939 1227 994 καθ’
1246 939 1356 993 οίανοῦν
1373 939 1452 994 πολιν
1469 938 1558 992 οὔσαις
1579 958 1612 1009 τρ
1629 957 1674 1004 περ
1696 942 1757 989 τινί
1774 934 1876 988 κατολι-

214 1020 246 1069 25
281 1013 382 1067 σπότου
412 1013 488 1064 θεοῦ.
524 1010 641 1064 Ἄτοπον
668 1011 719 1082 γάρ
743 1014 818 1063 ίστιν
840 1009 903 1063 ἀντ’
927 1007 1019 1062 αὐτῶν
1065 1009 1215 1082 γωρεῖσθαι
1237 1007 1322 1077 μήνι’
1344 1006 1390 1060 τὰς
1413 1008 1443 1058 ίν
1464 1004 1555 1059 αὐταῖς
1572 1006 1650 1058 θείας
1666 1003 1835 1075 λειτουργίας
1850 1004 1878 1052 ἐκ

215 1082 348 1152 νραπτούς
365 1077 477 1151 ἀνάγκης
494 1081 658 1150 ίπαγομένης
674 1074 762 1130 αὐτοῖς
778 1076 898 1143 ψάλλειν.
927 1079 952 1130 ei
958 1077 1019 1159 γὰρ
1065 1079 1112 1143 τῆς
1136 1078 1195 1130 τῶν
1222 1072 1441 1147 θεοφιλεστάτων
1462 1075 1556 1144 ἱερέων
1581 1069 1709 1126 άπουσίας
1729 1064 1876 1151 ἱίμποδίζεζ

214 1136 309 1201 Ιπολλοὶ
339 1148 397 1198 τῶν
423 1145 524 1198 λαΐκῶν
550 1143 595 1198 διὰ
625 1145 656 1198 τό
681 1145 731 1210 τὴν
756 1146 856 1198 οἰκείαν
883 1141 1019 1214 ciprinum
1067 1145 1136 1197 σθαι
1153 1141 1170 1226 ᾖ
1185 1142 1223 1212 μὴ
1239 1140 1428 1218 προσηκόντως
1448 1139 1649 1208 ίπιμελεῖσθαι,
1671 1136 1741 1191 ἀλλα
1761 1132 1831 1201 μηδὲ
1846 1155 1879 1186 τα

253 1214 302 1280 χὴν
314 1219 373 1267 ταῖς
385 1208 545 1293 ἁγιωτάταις
556 1211 616 1265 ίκκλ
633 1219 703 1265 ciacc
711 1208 931 1294 προσεδρεύοντες
939 1231 1018 1264 σπου·
1066 1212 1125 1263 τῶν
1146 1208 1307 1283 αγιωτάτων
1330 1207 1477 1275 ἐκκλησιῶν
1499 1205 1707 1261 ίκδαπανᾶσθαι
1730 1204 1879 1274 πράγματα

233 1287 285 1333 αἷσι
302 1283 363 1351 περὶ
380 1301 431 1346 την
444 1278 608 1347 ψαλμιρδίαν
616 1232 760 1344 δείκυνται,
778 1296 836 1333 πως
852 1275 899 1332 οὐκ
916 1280 1020 1332 ἄτοπον
1068 1275 1112 1331 διά
1134 1298 1164 1330 τι
1186 1279 1244 1331 τῶν
1261 1280 1291 1329 ίν
1307 1281 1365 1329 ταῖς
1381 1272 1451 1328 ὁδοῖς
1473 1280 1517 1327 καί
1534 1272 1579 1327 διά
1595 1275 1654 1327 τῶν
1671 1272 1816 1350 ἐνταῦθα,
1820 1275 1880 1340 περί
1918 1284 1919 1291 ’

214 1347 275 1403 τοὺς
297 1346 432 1420 κληρικούς
453 1346 514 1399 τούς
536 1350 580 1401 ἐπὶ
605 1347 693 1415 τούτῳ
710 1352 886 1428 τεταγμένους
901 1344 937 1415 μὴ
955 1344 1019 1411 πλη·
1067 1366 1097 1398 τε
1122 1344 1183 1398 τούς
1208 1342 1334 1397 ἀνιόντας
1360 1342 1442 1414 ἱερέας
1467 1347 1512 1395 καί
1533 1341 1594 1393 τούς
1617 1339 1667 1392 σὺν
1690 1336 1784 1391 αὐτοῖς
1802 1353 1879 1390 arras

216 1421 248 1470 26
283 1417 347 1488 ροῦν
370 1414 400 1465 τὸ
423 1414 521 1466 vincior
543 1412 611 1484 ίπᾶγ
628 1413 705 1481 ελμα;
740 1418 788 1465 Διο
814 1418 898 1468 παντί
926 1410 1020 1483 τρόπῳ
1068 1412 1203 1483 κληρικούς
1219 1409 1235 1477 ἢ
1251 1412 1353 1463 οἰκέτας
1370 1408 1582 1474 δαπανωμένων,
1601 1403 1672 1461 ὥστε
1688 1403 1822 1460 πολλάκις
1838 1407 1879 1454 καὶ

215 1482 275 1535 τούς
291 1480 425 1552 κληρικούς
441 1480 554 1547 ψάλλειν
569 1434 721 1549 κελόόομεν·
744 1485 789 1533 καί
807 1480 1020 1564 καταζητεῖσθαι
1069 1477 1184 1532 δανείων
1205 1479 1333 1550 γίνεσθαι
1355 1482 1447 1549 χρείαν
1468 1479 1512 1530 καί
1534 1474 1566 1528 τό
1593 1475 1723 1529 ἐντεῦθεν
1749 1471 1880 1551 ἔρχεσθαι

216 1547 310 1602 αὐτοὺς
336 1548 409 1620 παρὰ
433 1550 492 1601 τῶν
516 1547 584 1600 κατὰ
610 1547 704 1620 καιρόν
726 1547 948 1618 θεοφιλεστατων
965 1550 1020 1599 ieie·
1068 1545 1148 1667 βάρος
1174 1548 1219 1599 tat
1245 1545 1292 1597 τὰς
1315 1541 1395 1597 αὐτάς
1416 1539 1567 1615 ἁγιωτάτας
1587 1540 1733 1606 ἐκκλησίας,
1758 1554 1829 1607 προς
1851 1557 1880 1588 το

215 1613 327 1670 σκόπων
340 1620 384 1668 καί
394 1612 441 1667 δίο
459 1619 742 1698 πρωτομρεσβυτίρων
759 1615 868 1680 ἑκάστης
885 1612 1022 1679 ἐκκλησίας
1068 1617 1136 1681 μηδ
1160 1612 1211 1679 τὴν
1235 1615 1294 1665 τῶν
1319 1611 1544 1691 ίκκλησιμστικῶν
1568 1629 1640 1692 πριιγ
1668 1607 1738 1661 ’των
1766 1603 1881 1660 δεόντως
1918 1662 1919 1685 ρ

215 1688 260 1735 καί
284 1685 331 1736 τοῦ
357 1681 518 1749 καλουμένου
543 1699 669 1765 αρχοντες
693 1683 752 1800 quoi
773 1681 882 1755 ίξάργου
905 1686 950 1761 καὶ
975 1681 1021 1761 τοι]
1070 1685 1191 1763 προϊέναι
1209 1678 1340 1744 διοίκησιν
1357 1699 1431 1749 παρα
1448 1677 1497 1731 τόν
1512 1681 1559 1743 τῆς
1574 1697 1628 1730 απο
1645 1681 1724 1756 ημίας
1741 1674 1806 1753 τῶν
1821 1672 1880 1724 θεο-

216 1748 318 1803 ίκδίκου
343 1748 453 1815 ἑκάστης
475 1745 624 1820 ἁγιωτάτης
649 1751 694 1801 iun
711 1755 800 1814 ησιάς,
831 1755 875 1800 καὶ
900 1764 961 1801 τους
986 1768 1022 1812 μη
1070 1747 1238 1818 pateamus
1256 1747 1349 1818 ἱερέων
1364 1743 1465 1817 καιρόν,
1482 1744 1591 1797 ταύταις
1611 1743 1677 1815 πρός
1693 1762 1748 1808 την
1765 1759 1819 1806 aqu
1835 1758 1881 1821 μιξ-

216 1815 412 1888 εὐρισκομενους
437 1813 453 1867 ά
475 1820 581 1884 ι’μπτως
605 1820 664 1868 ταῖς
694 1815 865 1888 λειτουργίαις
890 1831 1021 1887 προσκαρ·
1070 1814 1214 1886 καριότητα
1236 1819 1294 1866 ταῖς
1316 1815 1405 1865 θείαις
1421 1811 1564 1880 συλλαβαῖς
1579 1809 1736 1883 χρήσασθαι
1755 1804 1881 1888 dein-arq-

216 1891 248 1939 tt
282 1886 424 1955 τεροῖιντας
471 1904 493 1935 ω
510 1885 559 1935 τοῦ
576 1881 670 1953 κλήρου
689 1883 888 1936 καθίστασθαι.
924 1881 957 1936 Oi
971 1882 1022 1954 γὰρ
1073 1888 1083 1936 1
1120 1883 1217 1949 θημεν.
1247 1876 1293 1932 Δι’
1313 1867 1353 1934 ὧν
1370 1876 1437 1953 αὐτῇ
1455 1876 1695 1951 παρακελευόμεθα
1711 1890 1882 1957 κατασηησαι

217 1948 431 2016 καταστήσαντες
444 1948 501 2015 ἢτοι
516 1956 654 2003 κτίσαντες
667 1949 714 2003 τάς
727 1945 878 2021 ἁγιωτάτας
886 1949 1023 2015 ἐκκλησίας
1070 1951 1136 2004 πᾶσι
1168 1947 1287 2020 φανερὸν
1316 1953 1371 1999 τοῖς
1402 1945 1471 1999 κατὰ
1495 1944 1542 1998 τὰς
1567 1942 1746 2017 μητροπόλεις
1774 1942 1882 2022 άκαστηί

216 2017 478 2137 ννςςῑιςι
492 2021 688 2137 ursin
705 2019 756 2097 n
772 2021 865 2138 tu
888 2016 1023 2136 “tntu
1071 2012 1274 2136 restitut
1295 2012 1882 2134 tuuc

217 2104 376 2224 λειττεοόρπγίαι
398 2107 540 2222 γίνεισθαι,
564 2125 609 2221 ip&
634 2105 752 2218 ιότεαδόά
762 2105 829 2205 οὐδενί
845 2104 1021 2223 ίότόύργούν·
1071 2116 1116 2216 τός
1134 2153 1185 2202 isia
1204 2101 1370 2214 χλαιηόιόλεσι
1387 2153 1445 2200 ταῖς
1461 2143 1514 2201 ὐπό
1530 2101 1571 2214 a}
1588 2143 1753 2217 μητροπολίτ
1792 2159 1881 2223 ueraq-
1918 2142 1919 2147 ’

217 2239 274 2272 των
289 2223 320 2271 ίν
333 2223 391 2271 ταῖς
405 2214 566 2290 ἁγιωτάταις
579 2217 727 2281 ἐκκλησίαις
743 2215 947 2286 εὐλαβεστάτων
964 2217 1023 2283 κλη-
1070 2223 1161 2286 με’ναις
1184 2170 1235 2269 §aa
1257 2214 1404 2269 ιλεστάτων
1428 2212 1584 2269 ἐπισκόπων
1606 2209 1666 2267 κατ’
1690 2214 1748 2266 οἶκε
1761 2230 1799 2264 αν
1816 2228 1880 2290 γυνη·

218 2293 250 2340 28
284 2287 369 2357 ρικῶν
380 2285 587 2357 θεραπεύεσθαι
605 2287 653 2338 τὸν
670 2284 805 2351 δεσπότην
818 2285 895 2339 θεόν.
915 2282 1024 2347 :tisim
1071 2305 1125 2352 μην
1149 2281 1209 2350 δίχα
1232 2238 1309 2336 θείας
1331 2280 1408 2350 ἡμῶν
1431 2281 1513 2349 ίδικῆς
1533 2279 1703 2353 προστάξεως
1728 2275 1881 2361 άπολιμπα·

218 2353 248 2406 δὲ
265 2358 415 2425 παρέχομεν
436 2358 520 2405 παντί
543 2351 682 2422 προσώπῳ
699 2356 740 2419 τῷ
748 2348 1025 2421 γινιόσκοντιτούτων
1071 2373 1129 2405 νειν
1159 2354 1209 2420 μάν
1234 2350 1284 2415 τὴν
1310 2347 1376 2432 παρ’
1404 2345 1486 2402 αὐτοῦ
1517 2346 1700 2416 δωικουμίνην
1725 2361 1881 2419 αγιωτατην

218 2441 246 2473 τι
268 2437 307 2472 πα
326 2419 505 2488 αβαινόμενον
522 2422 601 2471 τοῦτο
624 2418 866 2491 προσαναγγέλλιιν
882 2424 927 2472 καί
944 2439 1023 2490 pare·
1072 2418 1132 2471 ίκκλ
1150 2425 1220 2482 alar,
1238 2419 1274 2469 είς
1291 2414 1321 2471 di
1337 2438 1386 2484 την
1403 2414 1549 2484 εὐδαίμονα
1561 2413 1663 2481 ταύτην
1676 2411 1787 2467 άνιίναι
1804 2407 1881 2465 abbr

218 2492 251 2541 29
269 2440 325 2553 (115
357 2488 429 2558 ροῦν.
467 2485 504 2539 Τά
526 2484 556 2539 di
577 2483 645 2555 παρ’
670 2482 748 2554 ἡμῶν
769 2487 962 2539 θεσπισθέντα
979 2489 1023 2540 πί·
1072 2439 1229 2552 οἱανδήποτε
1254 2482 1407 2568 πράγματος
1425 2479 1634 2563 ἀντικόπτοντος,
1656 2477 1749 2563 άλλὰζ
1766 2482 1881 2561 πέμπειν
1918 2500 1919 2509 ²

235 2574 280 2606 ατι
296 2551 466 2627 παραδοῦναι
482 2558 527 2605 καὶ
543 2555 580 2606 εἰς
596 2555 675 2624 ἔργον
691 2549 811 2619 άχθῆναι
830 2553 898 2621 μετὰ
915 2555 960 2619 τῆς
976 2554 1024 2606 τοῦ
1072 2555 1196 2606 ίνταῦθα
1220 2554 1269 2605 ίνα
1293 2574 1310 2619 η
1338 2549 1384 2604 δύο
1409 2553 1457 2604 τοῦ
1473 2546 1523 2603 ὐπ’
1547 2546 1631 2603 αὐτον
1652 2546 1764 2621 εὐαγονς
1790 2543 1881 2624 κληργν

242 2622 285 2673 εοῦ
311 2619 444 2688 εὐμενείας
469 2619 620 2688 κελεύομεν,
645 2616 828 2701 ὑφορωμένων
855 2623 914 2673 τῶν
939 2639 1024 2692 παρα·
1071 2626 1117 2673 καί
1142 2624 1231 2673 ποιεῖν
1278 2617 1360 2693 ανεροὶ
1384 2620 1418 2690 τῇ
1444 2613 1558 2688 ἡμετέρα
1585 2614 1720 2685 εὐσεβείᾳ,
1754 2617 1881 2697 περίβη

218 2693 324 2755 βαίνειν
349 2690 435 2740 ταῦτα
459 2687 626 2755 τολμώντων
650 2707 762 2760 πρωτον
783 2691 833 2755 μίν
854 2687 904 2741 τὸν
926 2690 954 2740 iu
979 2688 1025 2753 τῆς
1073 2685 1192 2751 δίενται,
1213 2683 1230 2753 ἢ
1251 2639 1289 2739 δι’
1315 2683 1407 2739 αὐτῶν
1424 2685 1453 2748 if
1469 2682 1577 2738 εὐθείας
1593 2683 1769 2767 προσιόντων
1787 2697 1881 2748 qpirq
1918 2692 1919 2719 ³

217 2758 266 2808 τοῦ
289 2752 421 2809 δεσπότου
444 2756 511 2808 θεοῦ
534 2762 645 2827 κρίσεως
667 2753 799 2818 κίνδυνον,
823 2757 917 2807 ἔπειτα
934 2752 964 2807 δι’
981 2758 1025 2806 καὶ
1073 2752 1119 2807 διὰ
1140 2759 1221 2821 μέσης
1242 2756 1289 2821 τῆς
1310 2754 1357 2819 σῆς
1372 2751 1574 2824 μακαριότητος,
1596 2770 1668 2805 ουτοι
1690 2770 1721 2802 τε
1741 2746 1882 2822 τυγχᾶνέθν
1918 2788 1919 2805 i

218 2823 265 2874 τὰς
280 2824 476 2894 ίγκειμίναςτῇ
492 2816 559 2895 αὐτῇ
574 2823 725 2890 νομοθεσία
734 2820 836 2875 ποινάς.
862 2821 1023 2878 D.lt.Mat·i.
1073 2819 1176 2874 δικαίας
1201 2840 1231 2873 τε
1264 2825 1309 2873 καὶ
1343 2819 1475 2903 συντόμου
1508 2821 1554 2885 τῆς
1581 2815 1707 2890 ἡμετέρας
1741 2815 1880 2895 βοηθηίας.
1918 2858 1919 2867 ,

220 2885 456 2960 Constantinopoli
467 2889 510 2943 dn.
521 2887 672 2943 Iustiniana
677 2906 727 2960 pp.
738 2894 769 2942 Α,
780 2904 807 2943 11
814 2905 887 2943 cans.
912 2889 952 2959 [a.
963 2889 1023 2957 528]
1073 2894 1088 2943 2
1123 2890 1157 2941 Εἰ
1174 2885 1224 2960 γάρ
1241 2907 1269 2940 τι
1285 2888 1344 2939 τῶν
1360 2888 1397 2940 εἰς
1411 2889 1479 2955 ημᾶς
1501 2891 1655 2958 φερομένων
1671 2886 1800 2937 τοιοῦτον
1822 2898 1881 2962 quir

253 2952 293 3014 42
311 2953 372 3025 (43)
417 2954 460 3009 ¹‘0
485 2952 564 3009 αὐτὸς
584 2955 712 3077 βασιλεὺς
733 2953 883 3026 Ἔπιφανίηι
917 2962 1024 3021 ’χιεπι-
1072 2955 1142 3008 εῖναι
1159 2960 1263 3025 φανείη,
1281 2951 1317 3008 σός
1334 2950 1443 3007 δεῖσθαι
1459 2955 1506 3021 τῆς
1523 2950 1615 3006 αὐτῶν
1630 2953 1690 3006 τῶν
1705 2948 1880 3022 θεοφιλεστα·

219 3022 311 3091 σκόπῳ
335 3021 582 3079 Κωνσταντινουπό
613 3041 649 3076 ως
671 3028 714 3075 καὶ
734 3020 893 3096 πατριάρχη.
955 3026 1025 3075 baar
1072 3041 1130 3075 των
1140 3021 1233 3096 ἱερέων
1247 3026 1400 3096 παρουσίας,
1417 3022 1565 3088 τηνικαῦτα
1579 3018 1789 3094 παραγενίσθαι
1803 3030 1879 3087 προσ·

220 3190 251 3272 tt)
270 3210 290 3240 c.
301 3201 334 3271 'tr
354 3201 420 3242 estat
436 3192 461 3271 iq
480 3188 542 3272 (foll
559 3201 582 3240 it
598 3189 697 3271 Nempe.
767 3190 801 3254 (ς)
817 3185 889 3255 μηδί
904 3190 963 3242 iibri
1028 3190 1062 3255 (i)
1080 3183 1185 3240 άνιίναι
1202 3185 1282 3242 πόλιν
1298 3185 1456 3255 οίουδηποτε
1472 3205 1502 3242 π.
1518 3182 1545 3239 ά.
1562 3182 1627 3239 ἄλλά
1638 3186 1707 3250 cett,
1725 3184 1810 3242 πόλιν
1822 3182 1879 3236 ἄνευ

220 3251 377 3320 οιουδηποτε
394 3270 423 3308 π.
441 3276 465 3307 α.
482 3274 586 3307 ανιεναι
603 3252 670 3307 αλλα
687 3256 787 3309 Namac.

515 3369 1878 3403 w
1918 3376 1919 3385 ι

241 3458 338 3510 ositum
346 3453 414 3524 quid
420 3453 533 3515 dedisse,
548 3462 579 3509 ut
588 3455 650 3509 talis
657 3457 764 3510 curatio
772 3456 827 3527 ipsi
836 3454 1026 3518 committatur,
1076 3461 1104 3510 et
1118 3463 1240 3510 nostrmn
1257 3456 1396 3536 imperinm
1412 3455 1541 3511 sustineri
1556 3460 1584 3509 ct
1599 3470 1752 3510 communes
1771 3470 1817 3509 res
1833 3449 1880 3506 cle·

219 3475 580 3644 {roseaceum
599 3521 1027 3661 obscuritatum:
1075 3522 1881 3659 mortuarum

221 3659 264 3711 los
285 3655 411 3710 coelestus
427 3656 566 3710 constituti
582 3673 637 3728 per
655 3673 685 3710 se
701 3657 779 3728 ipsos
794 3664 822 3712 et
836 3665 985 3711 nocturnas
1002 3664 1029 3710 et
1076 3657 1227 3711 ammarum
1236 3657 1401 3711 consulimus
1409 3657 1524 3728 ideaque
1541 3657 1692 3711 omnimodo
1709 3655 1824 3711 solliciti
1838 3669 1879 3730 sit·
1918 3684 1919 3697 ι

221 3724 368 3777 matutinas
384 3733 411 3777 ct
427 3724 595 3793 υεεραςιυας
630 3740 704 3778 reses
715 3731 824 3779 cantent
837 3741 902 3779 nere
918 3723 947 3776 in
964 3737 1027 3776 con·
1076 3738 1144 3789 mus,
1166 3741 1201 3779 ne
1217 3741 1250 3778 ea
1264 3740 1337 3803 quae
1353 3725 1536 3778 sacrosanctis
1552 3725 1670 3778 ecclesiis
1685 3725 1715 3777 in
1752 3723 1831 3779 uaris
1847 3736 1880 3773 a·
1918 3766 1919 3779 i

221 3789 357 3845 sumendis
373 3790 557 3867 tandummodo
573 3807 603 3843 re
620 3791 850 3846 usecclesiasticis
864 3791 955 3844 cleiici
971 3806 1028 3844 esse
1075 3792 1157 3846 vitate
1182 3792 1336 3845 constitutis
1353 3799 1474 3863 prosunt
1494 3807 1604 3870 quoquo
1627 3790 1707 3845 modo
1756 3790 1880 3844 'minnan
1918 3836 1919 3857 ,

222 3856 363 3911 rideantur
378 3872 475 3909 nomen
492 3857 650 3911 clericorum
666 3865 801 3928 qerentes,
821 3857 969 3911 ministerio
988 3865 1027 3911 ta·
1077 3863 1122 3911 tur
1137 3875 1203 3913 nece
1218 3859 1291 3911 sacri
1307 3858 1378 3912 ritus
1392 3875 1443 3929 per
1457 3857 1604 3912 absentiam
1618 3858 1669 3912 reli
1692 3858 1880 3912 'osissimcriin

222 3941 281 3979 men
297 3922 400 3978 domini
416 3922 460 3977 dei
475 3923 550 3993 quod
564 3924 722 3979 clericorum
731 3931 772 3979 est
787 3941 817 3979 sc
832 3923 1026 3979 subtrahentes.
1075 3924 1246 3979 sacerdotum
1271 3923 1453 3996 impediantur
1477 3926 1520 3980 vel
1545 3926 1634 3979 minus
1692 3932 1783 3979 center
1807 3936 1880 3977 euse-

223 3998 254 4046 25
292 3988 444 4045 Absortium
468 3991 564 4045 etenim
584 3999 639 4055 est,
662 4007 722 4045 cum
742 3992 810 4063 ipsis
826 3993 971 4045 necessitas
987 3991 1027 4043 in·
1076 3997 1203 4061 quantur,
1220 4007 1286 4047 neue
1301 3992 1381 4047 etiam
1397 4001 1633 4046 sacrosanctarum
1649 3991 1824 4047 ecclesiarum
1840 4001 1881 4041 res
1918 4028 1919 4039 ,

223 4058 336 4121 cumbet,
358 4057 482 4177 mbos
511 4057 681 4125 (ticuriosl)
711 4075 805 4113 eorum
837 4059 898 4113 loco
924 4074 1026 4112 canere.
1077 4066 1270 4113 curisumantur
1292 4075 1344 4131 per
1368 4068 1504 4138 sumptus,
1531 4059 1578 4129 qui
1603 4059 1632 4112 in
1659 4059 1759 4113 itinera
1786 4069 1814 4112 ei
1829 4069 1880 4128 per

222 4140 286 4178 nam
308 4125 334 4178 si
416 4124 436 4177 ti
459 4124 530 4187 laici,
555 4131 588 4178 ut
612 4125 718 4179 ammae
739 4141 805 4179 suae
823 4125 975 4189 consuiant,
992 4124 1029 4178 ad
1076 4125 1230 4182 sacerdotes
1253 4124 1306 4180 buc
1322 4127 1528 4197 proficiscentes
1551 4125 1716 4196 clericosque
1734 4126 1778 4181 νεί
1792 4126 1879 4195 sumu-

222 4198 412 4245 sacrosanctus
435 4190 563 4245 εεσίιεῖαε
578 4192 742 4261 continentes
756 4191 894 4247 studiosos
909 4208 939 4247 se
955 4192 1029 4246 circa
1077 4192 1228 4246 laieorum
1245 4193 1354 4247 comites
1370 4200 1528 4264 eroqantur,
1550 4201 1581 4246 nt
1601 4209 1615 4246 s
1667 4208 1795 4247 enumero
1813 4188 1881 4244 aeris

219 4257 400 4330 psalmodiam
426 4256 585 4323 ostendunt,
629 4258 832 4313 uemadmodum
857 4275 913 4312 non
935 4259 1028 4313 absur-
1077 4259 1159 4328 alieni
1182 4259 1360 4313 contradendi
1379 4260 1524 4313 necessitas
1538 4260 1634 4329 inqera
1665 4277 1688 4325 r,
1712 4261 1790 4313 cicius
1815 4270 1881 4311 orins
1918 4250 1919 4271 ¹

223 4325 286 4378 dum
303 4330 345 4379 est
360 4324 487 4388 clericos,
528 4325 557 4378 ni
627 4324 679 4379 lioc
696 4324 816 4379 ordinati
832 4338 909 4390 sient,
932 4342 1029 4380 munus
1076 4326 1145 4397 ipsis
1168 4327 1350 4381 sacrosanctis
1375 4327 1493 4381 ecclesiis
1524 4326 1666 4391 incumbit,
1686 4333 1878 4405 praeterquam

223 4396 256 4447 λθ
288 4407 367 4445 suum
380 4391 499 4461 nonimp
541 4393 574 4446 e?
599 4389 775 4457 Quamobrem
787 4393 940 4447 omnimodo
951 4393 1029 4447 cleri·
1077 4393 1152 4463 quod
1167 4410 1217 4447 nec
1233 4410 1323 4448 rerum
1336 4393 1578 4448 ecclesiasticarum
1593 4393 1802 4458 administratio,
1820 4389 1878 4444 cua

223 4475 270 4513 cos
292 4474 390 4513 σοιιετε
410 4456 545 4511 iubemus:
567 4465 594 4513 et
609 4459 710 4528 inquiri
726 4474 774 4513 eos
784 4476 840 4531 per
858 4460 1029 4531 reliqiosissi-
1076 4461 1272 4530 reliqi'osissimi
1293 4460 1449 4515 sacmdotes
1471 4461 1580 4524 absunt,
1603 4462 1644 4513 uti
1664 4468 1774 4533 oportet
1783 4472 1878 4536 propc-

223 4542 281 4579 mos
292 4541 349 4597 pra
368 4531 487 4596 tempore
503 4525 646 4597 episcopos
666 4532 694 4579 et
708 4525 762 4579 duo
781 4525 1030 4598 arcldmesbqteros
1077 4527 1131 4581 dit:
1152 4528 1255 4582 idcirce
1276 4529 1364 4582 saeris
1385 4526 1428 4582 liis
1450 4527 1547 4581 litteris
1570 4526 1608 4580 ad
1623 4526 1791 4581 beatudinem
1809 4531 1877 4579 tuam

223 4600 251 4648 et
271 4608 350 4662 quem
367 4592 558 4663 praepositum
584 4593 626 4646 uel
647 4592 796 4646 exercitum
818 4602 916 4648 uocant
937 4596 1029 4647 unius·
1080 4600 1090 4647 t
1127 4595 1168 4648 uti
1191 4611 1243 4649 nos
1268 4602 1395 4666 oportere
1420 4595 1587 4649 credidimus.
1627 4591 1683 4649 Per
1705 4610 1775 4665 quas
1791 4602 1878 4647 ornnes
1918 4598 1919 4637 1

223 4660 351 4728 cuiusque
374 4658 502 4713 ecclesiae
527 4664 566 4722 et,
592 4660 639 4729 qui
662 4676 718 4713 nan
734 4661 836 4715 inuenti
849 4661 956 4731 suerint
971 4662 1030 4715 sine
1075 4662 1212 4732 piissimos
1241 4661 1395 4716 sacerdotes
1425 4662 1455 4715 in
1487 4659 1681 4733 metropolibus
1712 4662 1756 4715 sin
1918 4660 1919 4731 j

224 4727 287 4781 vitio
312 4726 342 4778 in
366 4725 514 4779 ministerio
535 4741 724 4796 perseuerare,
751 4743 798 4781 eos
822 4735 904 4782 esebo
929 4729 1028 4782 almum
1073 4729 1279 4798 prouinciarum
1294 4728 1344 4782 snb
1363 4734 1389 4783 te
1404 4728 1573 4793 constitutas,
1590 4728 1702 4783 edocere
1718 4727 1876 4783 reinbernus,
1918 4760 1919 4789 3

223 4799 254 4846 nt
281 4792 417 4847 constitui.
444 4791 515 4845 Nam
542 4793 903 4848 sisamosanctasecclesias
911 4811 968 4866 pro
985 4811 1029 4849 sa·
1077 4811 1132 4847 non
1154 4795 1249 4849 decere
1268 4811 1362 4849 earum
1385 4811 1544 4873 quemquam
1562 4796 1604 4850 uel
1619 4794 1877 4873 reliqiosissimorwn
1918 4800 1919 4819 ¹

223 4861 278 4914 lute
298 4874 350 4913 sua
366 4866 394 4913 ct
404 4874 461 4937 pra
473 4809 586 4930 pubqlica
603 4860 719 4914 utilitate
736 4862 932 4915 constituerunt
948 4869 1029 4941 atque
1077 4863 1279 4981 Episcopum,
1303 4863 1351 4932 qui
1371 4862 1401 4915 iii
1422 4861 1535 4933 reliquis
1545 4863 1750 4941 γεουὶιιαανυνι
1768 4860 1875 4915 auian-

221 4927 390 5003 fundarunt!
412 4924 475 4979 ideo
496 4926 645 4996 facultates
667 4944 782 4996 quarum
803 4945 855 4998 ope
870 4929 944 4981 sacri
959 4937 1029 4982 ritus
1094 4928 1193 4982 assub
1216 4928 1396 5001 metropolitis
1418 4930 1556 4982 constituti
1572 4936 1649 4994 suut,
1667 4929 1787 5001 propria
1806 4928 1875 4978 molit

221 4995 318 5061 fiuent
333 4992 509 5070 rqliqueqient,
525 4998 558 5047 ut
573 4993 672 5058 clerici,
689 4995 737 5063 qui
752 4995 782 5047 in
789 4996 971 5049 sacrosanctis
987 5012 1028 5048 ec·
1077 4994 1125 5048 abs
1144 5012 1177 5048 ue
1199 5010 1280 5049 sacre
1302 5001 1398 5050 nostra
1419 4994 1531 5066 speciali
1546 4996 1665 5051 iussione
1680 4997 1875 5050 sacrosanctam

224 5064 255 5114 28
290 5059 380 5138 clesiis
394 5064 572 5138 'ministrant
597 5059 675 5115 danii
699 5062 798 5115 colant.
845 5060 1029 5116 Permittiaius
1077 5012 1214 5116 εεσίιείοοι
1237 5078 1308 5132 quae
1329 5061 1363 5115 ab
1386 5062 1447 5134 ipso
1472 5062 1639 5133 qubeinatur
1660 5062 1712 5116 reli
1747 5078 1811 5116 nere
1836 5062 1873 5109 al·

223 5132 312 5180 antem
335 5125 456 5190 cuilibet,
479 5143 526 5196 qui
548 5125 645 5181 barum
666 5127 733 5197 quid
749 5128 848 5182 uiolari
864 5129 977 5193 nouerit,
1000 5129 1029 5182 id
1077 5145 1129 5198 que
1145 5126 1183 5181 ael
1198 5126 1269 5182 banc
1283 5129 1391 5200 felicem
1404 5128 1496 5183 urbem
1513 5130 1663 5202 proficisci,
1681 5147 1708 5201 qi
1746 5130 1874 5200 termene

224 5197 256 5246 29
290 5192 449 5247 denuntiare
464 5200 492 5247 et
504 5193 599 5270 palam
632 5210 717 5248 acere.
751 5193 826 5259 Quae
842 5212 860 5248 α
876 5194 1028 5249 nobissan-
1076 5211 1121 5249 res
1137 5210 1209 5249 emer
1227 5201 1265 5261 at,
1282 5194 1332 5250 scd
1346 5197 1452 5251 mittere
1468 5195 1520 5251 buc
1536 5210 1618 5251 unum
1638 5197 1680 5252 uel
1695 5196 1764 5252 duos
1779 5210 1816 5250 esc
1826 5202 1872 5262 μεθ

224 5261 377 5337 citassent,
399 5276 512 5339 enseque
533 5268 561 5314 et
581 5277 613 5339 a⁴
640 5261 763 5339 qsectnm
775 5261 893 5332 γετίνα
910 5278 968 5316 curn
984 5262 1029 5316 dei
1077 5261 1150 5315 clera
1175 5211 1227 5316 πός’
1251 5261 1369 5317 subiecta
1394 5270 1423 5318 et
1445 5270 1556 5318 nostrae
1572 5264 1674 5335 pietati
1695 5263 1871 5335 manifestere,

224 5327 388 5396 beneqnitate
409 5326 543 5380 iubemus:
584 5344 611 5380 ea
633 5345 666 5382 ea
687 5329 790 5383 violare
805 5329 901 5383 cariati
912 5330 1026 5399 fuerint,
1150 5327 1184 5383 de
1198 5345 1230 5383 re
1246 5329 1413 5408 supplicent,
1433 5338 1464 5384 ut
1480 5331 1522 5385 uel
1538 5330 1592 5401 ipsi
1607 5339 1682 5385 recta
1700 5332 1744 5386 ria
1760 5329 1801 5387 ael
1816 5332 1872 5401 ίυρς

221 5393 338 5464 primurn
364 5410 401 5447 εα
424 5393 527 5447 domini
569 5395 594 5449 ei
618 5394 719 5448 iudicio
741 5395 907 5466 periculum,
932 5395 1028 5451 deinde
1094 5394 1251 5450 eatitudinis
1270 5403 1421 5452 intaaentn
1442 5396 1480 5451 ad
1500 5414 1552 5451 nos
1574 5403 1708 5470 perqant,
1735 5393 1871 5471 sequeno

220 5475 327 5531 poenas
343 5458 406 5514 liuic
423 5459 477 5530 leqi
492 5461 609 5515 insertas
625 5468 773 5532 expectent.
1076 5464 1175 5517 inustum
1192 5470 1219 5517 et
1234 5464 1464 5535 compendiariam
1472 5463 1604 5519 missilium
1614 5471 1737 5520 nostruin
1752 5470 1868 5518 nauata·

257 5522 298 5582 42
312 5524 397 5604 ‚Ideni
413 5528 445 5581 A.
468 5526 624 5605 Epiphanio
648 5528 852 5609 archiepiscopo
877 5529 1027 5585 Constanti·
1078 5534 1093 5584 2
1127 5527 1369 5602 Quotienscumque
1388 5531 1458 5585 enim
1478 5532 1526 5602 qui
1538 5533 1618 5611 piam
1638 5547 1731 5587 eorum
1753 5543 1821 5603 quat
1838 5518 1871 5577 ad

223 5593 382 5664 napolitano
399 5599 427 5648 ct
437 5593 621 5664 patriarcnae.
654 5592 786 5660 Ωυοαιανι
804 5613 906 5651 amnon
922 5614 978 5652 sein
997 5615 1028 5652 er
1076 5613 1129 5651 nos
1148 5596 1308 5667 reseruntur
1328 5597 1459 5654 eiusniotli
1480 5615 1517 5653 no
1573 5599 1657 5653 maini
1670 5598 1768 5670 fuerit,
1791 5600 1869 5652 utre·

223 5675 316 5715 miram
337 5661 457 5732 quimus
478 5668 713 5717 sacrosanctarum
729 5663 910 5730 ecclesiarum,
930 5682 976 5735 qui
1077 5665 1171 5734 quirat
1189 5667 1375 5735 praesentiam
1398 5665 1661 5737 reliqiosissimarum
1683 5666 1866 5739 episcopam
