3802 6196
27 291 196 343 consumi
218 292 268 341 nu
290 292 567 345 successionisus
827 272 890 346 287
1509 278 1554 345 VI
1576 281 1626 345 58.
1649 280 1689 343 59

23 457 120 527 geneis
142 460 211 522 siut,
236 459 322 514 simili
343 461 422 515 modo
443 461 478 515 ad
495 460 554 516 iura
571 462 751 517 successionis
767 462 833 529 legl-
883 479 945 516 nam
970 467 1048 530 parte
1073 461 1165 542 aliqua
1190 463 1334 517 deminuta.
1379 466 1407 517 et
1430 463 1498 519 baec
1542 461 1631 515 uidem
1656 460 1691 516 ds

22 532 96 582 timae
116 528 152 581 ad
173 528 378 582 successionem
396 530 599 584 intestatornm¹
622 533 714 584 vocari
736 546 833 584 secun·
882 530 946 584 filiis
973 530 1146 598 emancipatis
1172 531 1278 584 sancus
1303 531 1475 585 bellissimum
1501 529 1579 584 nois
1604 528 1691 591 vuum

22 598 79 650 dnm
100 595 200 662 gradm
224 596 270 649 sui
296 597 510 664 praerogativam
534 614 587 651 non
611 597 670 651 ideo
688 597 832 652 excluden·
883 604 898 650 2
934 604 983 651 est.
1019 597 1071 651 Sed
1094 612 1144 650 nec
1166 598 1276 652 fratrem
1293 599 1335 653 vel
1352 614 1470 653 sororem
1487 598 1607 652 uterinos
1625 612 1689 652 con-

21 665 76 728 das,
100 664 164 732 quia
186 665 435 733 consanguinitatis
452 666 512 718 iura
528 665 675 719 secundum
691 680 833 745 germanae
883 665 1000 720 cedimus
1028 665 1056 718 in
1089 666 1254 733 cognationis
1280 666 1340 720 loco
1365 666 1488 734 relinqui.
1532 680 1593 719 cum
1618 663 1690 718 enini

20 740 33 784 i
73 731 296 785 obseruationem
328 747 382 785 nou
411 732 519 787 habent.
564 732 631 785 Cum
657 747 727 787 enim
752 733 833 787 unius
882 738 938 786 tam
954 733 1075 802 proximo
1093 734 1178 799 gradu
1196 740 1266 797 sunt,
1290 733 1384 786 merito
1402 749 1449 787 eos
1466 733 1524 787 sine
1541 732 1597 785 nlla
1613 730 1689 785 diffe-

20 798 151 866 sanguinis
177 799 241 851 iura
269 804 413 853 remanent
452 815 481 852 er
503 799 603 855 virilem
626 816 720 854 sexum
742 800 831 854 incor-
882 802 977 866 sentia,
1000 806 1134 867 uniquam
1152 800 1175 854 sl
1193 801 1382 869 consanguinei
1403 801 1524 863 fuerant,
1548 815 1608 853 cum
1625 798 1689 868 legi-

19 876 99 935 rupta,
121 881 207 939 qnare
226 874 346 919 naturae
363 866 460 920 oden'
489 884 521 922 us
537 873 565 921 et
582 868 699 935 legitimo
716 868 769 921 iuri
785 868 832 922 de·
882 867 953 922 timis
970 868 1100 922 fratribus
1118 875 1144 919 ct
1162 869 1299 923 sororibus
1316 867 1450 922 vocandos
1470 883 1529 922 esse
1545 867 1689 929 sancimus,

19 940 155 1002 rogamus?
192 950 258 988 cum
283 941 314 988 et
336 935 415 988 aliam
438 936 580 989 maximam
602 935 727 989 iniuriam
742 951 787 989 res
805 936 832 988 in
882 943 912 987 ut
929 935 1048 989 secundo
1070 935 1153 1003 gradu
1177 935 1314 989 constituti
1337 942 1364 989 et
1386 935 1503 1002 legitima
1518 933 1689 989 successione

19 1017 42 1055 se
67 1001 189 1055 continet
216 1003 357 1070 plerisque
388 1002 465 1071 qnasi
491 1004 587 1056 vulnus
612 1002 767 1057 intestinum
790 1002 831 1056 in-
882 1003 953 1069 digni
977 1003 1076 1070 reperti
1099 1002 1159 1057 aliis
1177 1004 1311 1067 omnibns,
1351 1004 1379 1057 ui
1397 1006 1462 1057 sunt
1478 1002 1611 1056 ulterioris
1627 1015 1689 1122 gra·

20 1069 154 1137 sognitum.
182 1084 248 1123 cum
267 1069 340 1123 enim
357 1069 392 1123 ad
409 1085 500 1123 earnm
519 1070 659 1124 mulierum
683 1070 831 1124 successio·
882 1070 940 1133 dus,
958 1071 1022 1124 licei
1038 1070 1147 1137 legitimi
1164 1069 1226 1135 siut,
1243 1086 1341 1137 praece
1362 1076 1416 1123 ant.
1455 1077 1483 1123 et
1499 1070 1566 1123 baec
1584 1069 1629 1137 qui
1648 1082 1690 1121 eni

19 1153 70 1190 uem
86 1137 204 1190 umenti·
222 1137 289 1190 iure
308 1137 458 1205 agnationis
476 1145 611 1201 iocantur,
635 1138 695 1217 quis
712 1139 832 1218 patiatur
883 1138 916 1191 de
934 1137 1044 1192 secundi
1059 1138 1158 1204 gradus
1172 1139 1341 1192 successione
1356 1139 1422 1192 satis
1438 1137 1598 1205 abundeque
1612 1135 1690 1191 nobis

19 1220 102 1257 mrum
124 1203 237 1272 quidem
261 1205 440 1258 hereditatem
461 1205 496 1259 ad
513 1221 559 1259 eos
576 1206 693 1274 legitimo
710 1221 768 1259 iure
786 1205 831 1259 de·
883 1210 897 1259 3
932 1221 993 1260 cum
1010 1220 1114 1259 summa
1131 1205 1246 1259 utilitate
1264 1205 1393 1274 disposita
1409 1211 1481 1260 sunt.
1517 1204 1585 1258 Cain
1601 1209 1689 1257 autem

19 1272 86 1335 ferri,
109 1272 189 1338 ipsas
207 1288 277 1325 vero
302 1288 388 1339 neque
405 1273 517 1326 invicem
535 1273 585 1326 sibi
603 1289 689 1341 neque
705 1274 832 1326 masculis
882 1275 962 1328 tertio
984 1273 1135 1341 gradales
1158 1276 1311 1328 transversa
1333 1273 1404 1327 linea
1425 1272 1507 1329 fuerit
1527 1273 1617 1336 locus,
1644 1271 1690 1326 ubi

19 1339 204 1418 posseteodem
222 1339 289 1393 iure
300 1339 464 1419 succedere,
485 1340 531 1393 sed
549 1348 658 1409 propter
675 1341 727 1394 hoc
746 1341 831 1421 solium
882 1342 1038 1422 patruiset
1054 1340 1122 1420 ,titiis
1145 1341 1260 1393 fratrum
1274 1346 1312 1421 ‘et
1329 1356 1450 1395 sororum
1467 1341 1556 1421 locum
1572 1339 1689 1418 antiqui·

19 1422 126 1529 11111ο
136 1406 359 1536 11111111ὲὲ11
382 1414 832 1543 ”tti‘lllitlt’ti‘tiiil
882 1407 1690 1543 11111111111111111111111111111

19 1546 79 1603 till)
106 1542 138 1593 ln
153 1542 199 1595 bis
214 1542 305 1609 igitur
320 1492 427 1597 aufus
438 1542 521 1609 legem
531 1543 670 1597 duodecim
679 1544 831 1597 tabularum
881 1494 977 1607 iliam,
1001 1545 1056 1597 sive
1078 1544 1260 1611 emancipatos
1284 1544 1338 1597 sive
1361 1558 1425 1621 aiios
1448 1542 1572 1610 patribus
1590 1540 1688 1620 consti·

20 1616 150 1676 sequentes
177 1615 207 1662 et
230 1626 334 1663 novum
355 1611 398 1663 ius
422 1611 564 1665 novismmo
586 1611 644 1665 iure
669 1611 831 1678 corrigentes
882 1616 968 1675 tutos,
995 1618 1023 1666 et
1044 1612 1174 1664 neminein
1198 1611 1280 1664 alium
1302 1610 1429 1674 ulterius,
1450 1626 1500 1665 nec
1523 1626 1577 1663 non
1597 1609 1689 1662 fratris

19 1676 89 1751 stiam
115 1693 202 1729 unum
229 1677 348 1745 gradum
371 1678 479 1757 pletatis
506 1679 605 1732 iutuitu
631 1679 771 1732 transferri
796 1680 831 1733 ab
882 1680 981 1733 uterini
1002 1685 1029 1732 et
1050 1680 1150 1732 sororis
1172 1694 1313 1745 germanae
1336 1679 1378 1732 vel
1406 1677 1528 1732 uterinae
1553 1676 1636 1730 lilium
1662 1682 1690 1729 et

19 1759 67 1797 iure
85 1744 260 1812 cognationis
279 1746 309 1799 in
330 1746 473 1813 legitimam
491 1747 610 1801 volumus
625 1746 831 1811 successionem,
882 1746 963 1800 filiam
986 1746 1168 1800 tantummodo
1190 1762 1223 1799 er
1245 1746 1362 1813 legitima
1384 1745 1454 1799 linea
1470 1745 1581 1799 invicem
1599 1743 1690 1798 vocari

20 1816 45 1863 ut
63 1827 116 1866 non
138 1812 231 1865 solum
255 1812 352 1867 fratris
373 1812 445 1867 filius
468 1819 495 1867 et
517 1814 573 1867 lilia
596 1815 742 1868 secundum
759 1814 831 1881 quod
882 1829 1032 1877 censemus,
1056 1815 1126 1867 sicut
1143 1814 1197 1867 iam
1214 1814 1369 1867 sanximus⁸
1401 1818 1555 1875 atomum,
1580 1811 1625 1879 qui
1647 1811 1689 1864 vel

19 1880 64 1930 iam
85 1877 261 1934 delinivimus
286 1880 322 1935 ad
344 1884 540 1936 successionem
564 1883 652 1949 patrui
675 1881 718 1935 sni
735 1897 831 1936 vocen·
881 1883 916 1935 ab
939 1882 1049 1949 antiquo
1071 1882 1129 1935 iure
1151 1881 1193 1935 vel
1216 1896 1233 1933 a
1256 1887 1347 1935 nostm
1369 1854 1531 1934 liberalitate
1552 1880 1581 1932 in
1602 1878 1688 1946 legiti-

19 1954 67 2007 tur,
90 1946 137 2001 sed
160 1947 246 2001 etiam
273 1963 416 2016 gemenas
440 1950 654 2017 consanguineae
671 1950 712 2002 vel
731 1949 831 2004 sororis
882 1966 985 2003 mamm
999 1949 1104 2030 quidem
1136 1948 1198 2002 ositi
1212 1955 1275 2003 sunt
1286 1948 1479 2016 praerogativa,
1493 1947 1585 2002 eodem
1599 1953 1688 2000 autem

21 2013 131 2068 uterinae
147 2013 226 2069 filius
246 2024 278 2069 et
295 2016 351 2069 filia
368 2016 418 2070 soli
442 2024 469 2069 et
485 2033 539 2071 non
557 2017 683 2093 deinceps
701 2032 831 2085 personae
882 2022 916 2071 3α
955 2021 1037 2071 tertio
1053 1965 1143 2137 (gradu
1166 2021 1242 2080 sunt,
1266 2016 1345 2069 simili
1367 2016 1425 2070 iure
1448 2020 1583 2069 vocentur.
1621 2013 1688 2068 Suc·

22 2096 67 2133 una
90 2097 150 2135 cnm
179 2083 225 2137 bis
254 2083 292 2136 ad
317 2084 377 2137 iura
397 2084 522 2138 avunculi
545 2084 587 2140 sui
609 2085 780 2153 perveniant,
804 2090 832 2138 et
882 2085 1010 2138 cessionis
1027 2085 1052 2138 vi
1070 2084 1150 2138 elicet
1166 2084 1224 2137 iure
1242 2090 1270 2137 et
1286 2084 1314 2136 in
1330 2083 1382 2135 hac
1398 2088 1475 2152 parte
1492 2081 1630 2139 servando.
1648 2086 1688 2143 nt,

21 2153 115 2203 mortim
131 2165 182 2214 eo,
208 2151 260 2218 qui
280 2158 393 2219 patruus
410 2151 515 2220 quidem
533 2160 575 2205 est
592 2152 683 2206 fratris
700 2152 742 2206 sui
759 2152 830 2219 filiis,
882 2153 905 2205 si
923 2153 968 2220 qui
986 2168 1019 2205 ex
1036 2151 1153 2206 secundo
1175 2150 1259 2219 gradu
1276 2151 1362 2204 vocati
1384 2149 1595 2203 renuntiaverint
1611 2148 1688 2202 bere·

23 2216 158 2269 avunculus
178 2225 277 2272 autem
295 2220 395 2274 sororis
411 2234 475 2273 snae
490 2221 586 2281 suboli,
604 2220 682 2274 simili
698 2219 777 2274 modo
794 2221 830 2274 ab
882 2220 959 2274 ditati
982 2228 1010 2274 et
1032 2219 1168 2274 noluerint
1189 2233 1248 2272 eain
1270 2218 1345 2273 adire
1362 2218 1504 2285 nullusque
1521 2217 1590 2271 alius
1608 2217 1644 2270 sit
1660 2216 1688 2269 in

22 2288 123 2351 unoque
148 2284 240 2338 latere
260 2288 435 2350 succedetur,
459 2294 595 2355 tamquam
618 2288 749 2341 siomnes
766 2287 830 2355 legi·
880 2287 999 2341 secundo
1016 2287 1109 2355 gradu,
1127 2286 1172 2367 qui
1190 2285 1334 2340 succedere
1351 2290 1378 2343 et
1392 2290 1480 2354 potest
1497 2290 1525 2338 et
1541 2284 1606 2349 vult,
1624 2290 1688 2336 tunc

22 2350 76 2428 tium
91 2351 150 2404 inre
165 2354 308 2415 veniant²,
327 2355 431 2408 scilicet
445 2355 492 2407 ubi
507 2355 590 2408 frater
603 2361 631 2408 et
645 2370 722 2410 soror
736 2370 829 2435 super·
881 2355 917 2420 lii,
932 2371 1000 2425 quos
1014 2362 1149 2423 praesents
1163 2354 1221 2421 lege
1235 2354 1446 2408 enumeravimus
1461 2369 1494 2407 ex
1505 2353 1585 2407 tertio
1593 2350 1688 2420 gradu,

25 2422 87 2470 ilites
104 2436 159 2473 uon
178 2428 256 2474 sunt.
294 2421 336 2475 bis
353 2422 451 2476 etenim
468 2423 589 2491 personis
607 2422 830 2491 praecedentibus
882 2423 914 2476 31
948 2423 976 2475 in
993 2422 1082 2477 locum
1097 2421 1278 2475 recusantium
1294 2420 1447 2476 succedant.
1475 2420 1524 2473 Illo
1541 2419 1623 2473 etlam
1640 2418 1688 2473 ob·

25 2485 236 2565 ethereditatem
255 2488 457 2544 admittentibus
479 2490 560 2544 ceteri
576 2490 676 2558 padus
693 2494 832 2544 remanent
881 2491 1019 2554 servando,
1038 2496 1069 2542 ut
1086 2490 1220 2544 successio
1237 2505 1292 2543 non
1308 2489 1343 2543 ad
1360 2488 1470 2568 stirpes,
1487 2486 1580 2542 sedin
1599 2486 1689 2608 capita

26 2556 36 2603 'i
68 2562 176 2620 penitus
201 2557 312 2610 semoti.
354 2558 402 2611 lllo
428 2558 523 2626 procul
549 2558 629 2612 dubio
655 2558 830 2623 observando,
881 2557 1026 2614 dividatur:
1052 2558 1147 2612 ceteris
1167 2557 1290 2610 omnibus
1308 2556 1523 2611 successiombus
1540 2570 1624 2609 secun
1643 2570 1688 2607 uni

30 2626 50 2670 it
61 2623 197 2676 successio
218 2638 276 2677 nori
294 2624 329 2677 ad
346 2625 380 2678 s‘
414 2640 456 2689 es,
480 2626 572 2679 sedin
590 2625 680 2693 capita
697 2625 831 2679 dividatur
881 2626 923 2680 ius
945 2641 1030 2694 usque
1055 2625 1090 2679 sd
1133 2640 1241 2679 raesens
1267 2632 1373 2693 tempus
1399 2624 1568 2677 observatum
1593 2636 1688 2691 proce·

30 2688 79 2766 tiis
96 2689 198 2769 gradus
217 2691 246 2749 in
267 2691 387 2747 ordinem
414 2692 547 2759 mutuum
571 2693 761 2747 transferatur:
786 2708 829 2747 ce·
881 2693 1006 2747 dentibus
1021 2699 1049 2747 et
1062 2710 1099 2746 nn
1120 2709 1184 2747 oex
1200 2692 1321 2759 cognatis
1330 2696 1580 2761 supramemoratos
1589 2689 1689 2769 gratim

27 2758 80 2810 uns
102 2758 232 2813 omnibus
261 2761 480 2815 successionibus
506 2761 652 2814 secundnm
678 2761 720 2815 ius
745 2776 830 2829 usque
881 2761 916 2816 ad
933 2762 1000 2815 iniis
1018 2760 1143 2828 agnaticii
1160 2760 1272 2813 formam
1289 2758 1441 2828 redigendo,
1459 2756 1506 2812 sed
1521 2773 1599 2810 sunm
1617 2756 1688 2810 ordi·

26 2824 192 2945 adpraesens
206 2833 318 2897 tempus
331 2829 500 2882 observatum
517 2830 545 2882 in
558 2828 829 2883 suostatumanenti-
880 2844 940 2883 nem
973 2843 1101 2896 suamque
1131 2828 1328 2896 proximitatem
1359 2832 1465 2879 tenente
1495 2824 1686 2902 incorruptam.

27 2898 39 2935 1
84 2909 122 2945 us.
159 2895 190 2948 si
209 2897 257 2964 qui
277 2901 365 2950 sutem
384 2912 464 2951 casus
481 2896 535 2948 ism
552 2904 710 2959 evenerunt,
734 2912 829 2950 secun·
881 2904 897 2950 i
932 2897 1003 2964 Quas
1021 2903 1110 2949 autem
1128 2910 1256 2963 personas
1274 2910 1307 2949 es
1321 2896 1380 2948 iure
1395 2891 1561 2961 cognationis
1578 2907 1606 2945 in
1622 2891 1688 2959 lagi·

28 2956 80 3011 dun
101 2961 172 3029 quod
190 2964 311 3032 pristina
327 2964 387 3017 iura
403 2965 541 3030 volebant,
566 2979 657 3017 eornm
675 2965 723 3017 fiat
739 2964 829 3018 distri·
880 2964 959 3018 fimas
977 2963 1161 3018 successiones
1179 2961 1381 3025 transveximus,
1402 2976 1448 3015 eas
1466 2965 1494 3014 et
1509 2959 1609 3013 tutelae
1626 2974 1687 3026 gra·

27 3023 107 3105 butio,
132 3028 166 3084 D.
191 3046 209 3083 v
232 3030 261 3085 lc.
281 3030 344 3085 Dec.
364 3031 619 3103 postconsulatum
637 3031 781 3104 lampadii
803 3039 831 3086 et
880 3030 977 3086 vamini
1000 3031 1114 3085 vicissim
1137 3031 1323 3099 supponimus,
1347 3028 1450 3083 scilicet
1475 3027 1499 3082 si
1523 3033 1551 3081 et
1576 3026 1688 3105 masculi

28 3088 119 3148 Oresus
136 3114 175 3151 oo.
196 3114 235 3152 cc.
715 3105 750 3165 [a.
769 3105 829 3165 tsi]
880 3099 935 3154 siut
960 3106 988 3153 et
1013 3098 1148 3168 perfectae
1171 3097 1268 3152 aetatis
1291 3096 1437 3151 secundum
1460 3099 1568 3150 nocuae
1587 3099 1687 3149 consu-

57 3158 92 3217 it
110 3161 184 3218 ldcm
203 3168 237 3220 A.
260 3165 378 3220 [obuiusi
392 3184 416 3239 p
438 3210 444 3220 .
479 3166 649 3220 Meminimus
666 3173 746 3221 antea
763 3167 829 3221 diii·
879 3167 991 3222 tutionis
1008 3173 1136 3231 tenorem,
1154 3170 1185 3219 ut
1202 3181 1256 3219 non
1273 3166 1359 3219 solum
1375 3163 1481 3242 lucrum
1498 3163 1622 3225 sentiant,
1640 3160 1688 3217 sed

28 3240 84 3307 titii¹
102 3233 298 3309 ,promulgasse
329 3184 570 3299 consdfutionemi
605 3249 655 3302 per
684 3251 763 3303 quam
795 3234 830 3289 ad
881 3241 895 3290 5
931 3235 1011 3289 etiam
1026 3234 1173 3303 movemini
1190 3233 1373 3301 subiugantur.
1403 3230 1432 3284 Si
1447 3230 1594 3299 quiantem
1609 3244 1688 3308 casus

29 3300 127 3364 testem
148 3300 216 3368 legis
240 3301 383 3356 duodecim
406 3303 558 3355 tabularum
576 3308 658 3357 totam
677 3303 829 3371 progeniem
879 3304 933 3357 iam
950 3308 1096 3357 evenerunt
1112 3308 1140 3355 et
1157 3316 1205 3369 per
1222 3300 1374 3355 iudicialem
1391 3297 1552 3352 sententiam
1566 3297 1607 3351 vel
1622 3312 1687 3350 ami·

30 3376 57 3439 ἐξ
79 3364 192 3431 legitima
219 3369 318 3424 subole
344 3368 548 3424 descendentem
574 3370 629 3423 sive
655 3371 830 3426 mascnlinum
881 3372 965 3425 caleni
982 3370 1188 3428 transactionem
1206 3367 1287 3438 sopiti
1303 3372 1376 3430 sunt,
1399 3365 1501 3424 nnllam
1520 3365 1639 3419 sendwt
1654 3380 1688 3442 ex

30 3442 75 3481 sive
99 3431 253 3490 femininam
287 3437 402 3505 legitimo
431 3438 490 3491 iure
516 3437 691 3491 hereditatem
716 3438 829 3505 adipisci
880 3439 932 3492 linc
962 3439 1020 3506 lege
1052 3437 1278 3491 retractationem.
1327 3433 1360 3489 1).
1390 3432 1425 3487 id.
1452 3432 1509 3488 Oct.
1536 3432 1688 3487 Constanti—

31 3498 166 3575 mimus,
190 3510 236 3567 ut,
264 3505 485 3572 quemadmodum
508 3505 574 3572 ipsis
594 3505 749 3574 alegitimis
767 3522 829 3560 suc·
880 3505 976 3577 nepoti
1001 3505 1046 3559 dii.
1071 3504 1227 3559 lacaniano
1248 3505 1280 3556 A.
1300 3519 1352 3575 pp.
1378 3514 1433 3557 1111
1456 3508 1484 3556 et
1506 3499 1625 3554 Paulino
1649 3514 1686 3554 ec.

31 3562 135 3632 ceditur,
161 3570 200 3624 ita
226 3577 255 3626 et
280 3572 356 3639 ipsae
377 3572 552 3640 legitimarum
576 3587 751 3641 personarum
772 3588 828 3626 ani·
880 3590 967 3631 conss.
1182 3594 1183 3599 ¹
1572 3572 1607 3633 [a.
1626 3572 1686 3631 sui]

34 3633 41 3681 l
73 3632 223 3701 plectantur
250 3639 456 3694 successionem.
500 3640 532 3693 In
576 3655 612 3694 ua
638 3641 828 3696 constitutione
1340 3674 1352 3707 ο

31 3712 114 3780 unum.
148 3704 230 3760 adum
254 3722 288 3760 ex
311 3707 432 3776 cognatis
453 3707 482 3761 iii
499 3706 541 3761 ius
557 3656 704 3775 flagitimum
721 3709 828 3763 reduxi·
1219 3675 1339 3735 Lvlffl·

32 3779 89 3830 mul,
105 3785 115 3821 1
129 3837 136 3849 ι
148 3779 190 3826 est
204 3789 352 3842 germanae
367 3775 437 3830 filios
454 3780 482 3829 et
498 3775 568 3829 filias
586 3782 613 3830 et
630 3777 730 3831 sororis
745 3776 828 3830 uteri-
1007 3758 1197 3851 COMMUNIA·
1207 3758 1254 3808 DE
1271 3754 1560 3849 SUCGQIQNIBUS·

32 3846 75 3886 flue
100 3835 168 3892 filios
194 3857 228 3895 ac
255 3841 339 3896 filias:
371 3858 452 3912 quain
481 3842 698 3897 constitutionem
724 3843 752 3897 in
779 3861 828 3898 suo
916 3842 928 3900 1
954 3840 1266 3914 simpliciacense
1283 3835 1686 3894 etMactnttaniis.lA.etCC.

32 3899 117 3957 robore
132 3922 290 3983 permanere
308 3926 455 3974 censemus,
473 3926 533 3964 cum
551 3918 579 3965 et
595 3912 622 3965 in
637 3912 737 3965 nostris
752 3911 828 3966 insti·
886 3910 1030 3965 Voriciiac.
1070 3908 1145 3963 Scire
1167 3907 1282 3962 debuisti
1304 3906 1388 3985 frama
1409 3904 1576 3984 emancipato
1598 3903 1686 3984 potio·

37 3970 61 4018 ts
87 3974 256 4049 tutionibus⁴
275 3984 351 4032 tenor
368 3979 425 4032 eius
443 3994 459 4031 u
476 3978 554 4032 nobis
573 3979 674 4033 relatus
692 3984 741 4033 est.
777 3978 830 4033 Sed
879 3995 935 4032 rem
953 3994 1012 4032 eam
1029 3993 1097 4045 quae
1114 3976 1141 4029 in
1158 3974 1261 4029 familia
1282 3980 1380 4027 mansit
1396 3972 1425 4026 in
1441 3972 1551 4026 alterius
1568 3986 1685 4050 emanci-

34 4033 156 4109 blbtiliors
178 4049 301 4099 tractatu
325 4046 416 4100 habito
441 4046 621 4100 necessarium
641 4046 777 4111 duximus,
801 4053 830 4100 et
879 4046 936 4115 pati
953 4046 1030 4100 bonis
1047 4060 1101 4098 non
1118 4044 1219 4107 baberi,
1237 4041 1284 4096 sed
1296 4057 1343 4095 eos
1358 4039 1468 4109 pariter,
1485 4039 1509 4092 si
1523 4039 1687 4094 sollemmter

35 4113 53 4150 ⁸¹
80 4107 137 4172 quid
160 4124 194 4164 eir
221 4113 358 4182 praetoria
386 4113 570 4168 iurisdictione
595 4114 666 4183 frugi
691 4114 828 4168 inventum
898 4113 1005 4168 etierint
1027 4113 1156 4165 bonorum
1179 4108 1388 4178 possessionem,
1411 4105 1562 4163 succedere.
1598 4103 1626 4160 S.
1646 4118 1690 4161 av

36 4174 79 4233 ⁰⁵2,
108 4180 134 4228 et
163 4177 218 4233 hoc
252 4195 312 4232 cum
340 4180 536 4249 perfectissima
562 4181 714 4236 definitione
739 4182 828 4250 posito
878 4131 904 4235 Ξ
924 4179 985 4234 Ian.
1004 4179 1088 4234 Sirmi
1106 4178 1154 4233 CC.
1173 4193 1260 4231 conss.
1571 4178 1606 4238 [a.
1626 4177 1685 4237 isi}

38 4233 65 4311 11,
75 4240 108 4304 (1)
138 4253 247 4301 nostras
270 4248 342 4314 leges
365 4249 495 4317 ampliari.
537 4248 602 4302 Cum
620 4249 702 4318 igitur
719 4258 829 4317 praetor
913 4246 933 4304 2
957 4247 1032 4302 idem
1055 4248 1110 4300 ΑΛ.
1134 4254 1162 4300 et
1184 4244 1231 4299 CC.
1256 4243 1438 4315 Apollinaris.
1478 4241 1506 4296 Si
1527 4245 1607 4310 pater
1623 4246 1686 4297 tuus

37 4298 106 4383 flhuti
127 4315 337 4383 emancipatum,
359 4315 424 4370 licet
446 4315 538 4370 subtili
559 4317 616 4370 inre
634 4316 722 4384 capite
740 4316 829 4370 fuerat
879 4316 1026 4384 propiori¹¹
1050 4313 1160 4367 sobrino
1177 4317 1225 4366 tuo
1243 4317 1341 4379 agnato
1357 4311 1503 4365 constituto
1517 4315 1547 4364 et
1559 4310 1686 4364 intestato

38 4365 183 4456 dlimpidius,
207 4390 326 4436 attamen
349 4382 377 4437 in
400 4383 486 4463 patris
510 4384 680 4439 successione
698 4385 756 4439 sine
774 4385 829 4438 ulla
879 4384 1005 4437 defuncto
1030 4382 1089 4436 iure
1115 4381 1184 4461 civili
1213 4379 1288 4459 adita
1312 4378 1471 4458 hereditate,
1488 4377 1555 4457 ‘vel'
1572 4377 1625 4430 hoc
1650 4376 1685 4430 ab

37 4434 197 4504 deminutione
217 4465 313 4504 vocare
330 4450 560 4509 manifestissimus
581 4458 635 4516 est,
659 4468 714 4505 non
736 4452 828 4506 eodem
878 4451 955 4505 initio
970 4467 1023 4504 non
1037 4450 1228 4503 intervemente
1245 4462 1300 4500 sive
1317 4453 1412 4513 capitis
1427 4445 1607 4500 deminutione
1624 4458 1685 4512 per·

38 4510 112 4561 auom
132 4513 188 4570 iure
210 4517 245 4571 ad
268 4517 382 4571 fratrum
402 4534 512 4572 suorum
529 4520 725 4573 successionem
744 4521 777 4572 ab
796 4534 828 4573 eo
879 4522 969 4585 empto
987 4516 1149 4571 sollemniter
1163 4517 1293 4571 bonorum
1308 4512 1477 4583 possessione
1492 4512 1610 4566 admissa
1623 4526 1685 4564 suc·

38 4574 180 4650 utebatur,
204 4584 252 4639 sed
273 4601 323 4639 nec
345 4584 392 4638 lilii
415 4586 472 4640 eius
495 4586 553 4640 iuis
571 4587 688 4654 legitimo
706 4587 762 4641 suis
780 4603 828 4655 pa·
881 4586 960 4640 cessit
976 4600 1009 4639 ac
1027 4584 1075 4637 tibi
1092 4583 1176 4652 patris
1192 4583 1233 4636 tui
1243 4581 1372 4703 pusesita
1388 4580 1523 4634 bereditas
1540 4585 1594 4658 est,
1611 4577 1686 4633 adim

38 4638 96 4721 ‘illi
108 4652 292 4717 succedebant,
310 4653 490 4707 necessarlum
505 4652 631 4708 duximus
645 4655 697 4708 hoc
714 4655 828 4722 primum
878 4652 1028 4722 praesidem
1059 4650 1210 4719 prouinciae
1262 4649 1324 4703 ebes
1356 4663 1389 4702 ac
1416 4653 1532 4701 tutorem
1563 4662 1620 4701 eius
1651 4645 1686 4699 de

40 4718 154 4777 comiere
173 4726 200 4773 et
223 4719 308 4788 legem
325 4721 549 4777 llnustasisnaml
570 4722 641 4775 iusto
663 4722 827 4777 incremento
879 4721 964 4775 tutela
986 4719 1136 4773 convenire.
1177 4714 1433 4771 Brundisii.
1458 4713 1582 4768 Veronae
1590 4717 1611 4749 ¹¹
1628 4714 1685 4768 ΑΛ,

40 4776 165 4837 indoctam
188 4787 343 4851 ostendere,
369 4794 400 4841 ut
423 4789 525 4843 emanci
545 4794 606 4843 atus
628 4789 701 4843 filius
725 4795 752 4843 et
772 4789 829 4843 filia
879 4804 965 4843 conss.
1083 4842 1089 4856 ,
1470 4849 1477 4860 ‚
1506 4810 1539 4861 ,ι
1572 4784 1685 4861 [(1293]

40 4852 83 4893 uon
98 4849 176 4906 solum
192 4856 236 4909 inl
261 4856 380 4924 paternis
402 4856 479 4910 bonis
549 4872 657 4911 snorum
675 4857 827 4911 similitudi·
913 4852 932 4912 3
956 4853 1031 4909 ldcin
1054 4854 1109 4907 ΑΛ.
1137 4857 1165 4906 et
1187 4850 1235 4906 00.
1261 4850 1400 4930 Uiriatum.
1443 4848 1686 4927 Vitricolpnvigni

42 4918 90 4962 1111
109 4922 263 4985 succedant,
289 4923 439 4976 sedetiam
459 4923 488 4977 iii
510 4923 624 4978 fratrum
640 4925 682 4979 vel
706 4940 828 4979 sororum
878 4922 1075 4977 successionem
1095 4919 1217 4974 intestati
1240 4918 1289 4972 ci'
1327 4918 1368 4972 vel
1392 4917 1535 4970 honorario
1557 4929 1686 4969 smenon

43 4986 132 5060 ⁸¹¹²er
148 4990 322 5056 successione,
342 4990 397 5044 sive
414 5007 506 5046 omnes
524 4992 683 5061 emancipati
700 4993 756 5046 sint
773 4993 828 5045 sive
877 4990 969 5045 deberi
986 4988 1162 5045 certissimum
1179 4993 1229 5040 est
1273 4986 1301 5040 S.
1320 5000 1364 5039 av
1381 4983 1408 5039 lc.
1426 4982 1509 5038 Mart.
1535 4982 1618 5037 Sirmi
1636 4980 1684 5036 CC.

43 5052 146 5121 11131111ὶί
166 5059 206 5110 sui
225 5073 286 5111 cuin
304 5058 503 5126 emancipatis⁷‚
527 5075 613 5128 aequo
636 5060 694 5114 iure
715 5059 827 5114 invicem
878 5073 966 5113 conss.
1358 5120 1363 5131 Ι
1518 5118 1523 5129 ,
1572 5055 1606 5115 [a.
1625 5054 1685 5114 ²94]

44 5107 84 5162 tibi
102 5125 240 5179 succedant
262 5131 291 5178 et
312 5141 367 5179 nun
390 5126 536 5181 secuudum
561 5128 645 5194 legem
666 5127 826 5182 Anastasia-
912 5122 1050 5182 4¹³Idein
1067 5122 1123 5176 ei.
1147 5129 1175 5177 ct
1197 5119 1245 5176 CC.
1269 5120 1380 5175 Aurelio
1388 5120 1410 5152 ¹⁴
1432 5119 1548 5173 Asterie.
1587 5118 1685 5171 Servus

323 5240 330 5243 .
339 5239 400 5245 —--
404 5239 415 5243 -
426 5240 547 5246 ⁴——---....
626 5242 668 5246 ω..
1031 5234 1196 5243 m
1520 5232 1677 5240 ⁴-—

46 5272 70 5349 (ι.)
83 5279 109 5330 “d
123 5293 293 5344 amalonem
309 5292 484 5343 intestatorum
502 5295 548 5345 del.
617 5297 652 5359 (t)
668 5297 706 5346 si'e
723 5292 769 5358 iil,
786 5310 828 5345 ve·
878 5293 913 5357 (9)
930 5292 1016 5355 Bis,
1034 5303 1053 5355 1,
1071 5303 1099 5344 bo
1116 5310 1183 5357 seqq.
1266 5292 1313 5353 (to)
1331 5309 1351 5341 c.
1370 5300 1380 5342 i
1398 5290 1516 5341 collocari
1531 5290 1615 5341 debuit
1629 5302 1687 5356 post

46 5343 128 5401 mebant
146 5358 173 5419 0,
193 5360 309 5410 Vflssissbsst
325 5360 366 5410 R⁶
445 5364 479 5425 (3)
497 5380 517 5412 c.
537 5372 560 5414 11
579 5364 601 5412 t.
621 5375 636 5413 t.
716 5364 749 5425 (1)
766 5362 827 5413 lusi.
878 5379 899 5412 c.
912 5372 933 5421 11,
949 5361 1000 5411 nisi
1008 5360 1091 5426 potius
1100 5360 1234 5411 Iustiniani
1248 5360 1349 5425 leporini
1361 5374 1380 5408 s.
1389 5373 1427 5407 xv
1439 5359 1465 5408 k.
1475 5358 1532 5408 Iun.
1545 5356 1622 5407 Sirmi
1631 5360 1685 5410 An.

46 5406 65 5467 3³
76 5420 116 5474 ²1⁴
161 5430 192 5491 (5)
209 5430 241 5494 es.
257 5431 292 5478 ad
306 5431 330 5489 5,
346 5438 410 5489 iub
461 5430 495 5492 (u)
512 5428 539 5478 in
558 5430 673 5482 om.fi'brs‘
724 5430 758 5494 (1)
775 5429 827 5480 sivo
877 5428 1030 5487 conss.‚ols'n
1040 5438 1116 5478 ostem
1120 5427 1263 5494 fnettlsn.
1271 5445 1318 5492 pro
1331 5427 1387 5475 Iun.
1423 5428 1467 5488 (11)
1475 5427 1512 5476 si'c
1521 5426 1578 5477 dett
1588 5444 1640 5477 attii
1650 5425 1685 5489 B,

47 5486 113 5555 ⁰¹³3&
131 5495 273 5561 cnmripsti
295 5495 347 5545 sint
369 5494 421 5545 sivo
443 5496 561 5560 permixti
582 5497 623 5547 sui
642 5513 699 5548 cum
719 5496 827 5547 emanci—
876 5495 980 5559 proprio
1004 5495 1045 5557 θ’,
1067 5494 1192 5560 propriori
1219 5491 1276 5546 011
1359 5494 1530 5557 (11),Βοιοιιιο
1553 5493 1686 5546 Mommsen

46 5548 96 5617 ΡΨ
110 5553 142 5619 Μ,
159 5561 208 5614 sive
229 5578 315 5614 omnes
331 5562 371 5612 sni
388 5563 440 5613 sito
457 5580 542 5614 omues
559 5564 711 5630 emancipati
728 5565 780 5614 siut
799 5565 827 5627 0,
876 5565 921 5626 (tt)
939 5564 1011 5629 inape
1020 5564 1044 5625 ³,
1054 5572 1087 5624 tl,
1097 5573 1118 5614 8.
1129 5564 1153 5625 t,
1163 5572 1197 5627 io,
1207 5572 1233 5613 ti
1255 5561 1405 5614 Consultatio
1416 5564 1442 5625 e,
1455 5571 1481 5614 is
1531 5562 1577 5625 (11)
1590 5560 1686 5613 anulio

47 5620 87 5661 ⁸¹¹⁸
96 5634 169 5698 taines
181 5629 331 5696 mancipati
344 5630 397 5681 sint
410 5630 458 5692 R‘,
471 5632 523 5681 sive
536 5648 621 5683 omnes
633 5633 733 5683 saisire
742 5646 827 5685 omues
880 5631 1039 5689 Consultatio,
1056 5649 1102 5682 om.
1120 5631 1179 5683 iibri

50 5687 168 5756 Quieti
183 5699 234 5750 sive
250 5697 393 5766 permixtim
410 5699 462 5750 sint
479 5696 516 5751 Rs
572 5702 608 5765 (11)
625 5720 645 5753 c.
664 5712 690 5753 lt
710 5708 722 5761 i
742 5700 825 5753 tit
