3850 6208
357 1488 447 1585 DE
482 1484 884 1584 IUSTINIANO'
923 1485 1165 1586 CODICE
1202 1486 1697 1586 CONFIRMANDO.

952 1691 1103 1701 -——-

196 1822 444 1890 IMPERATOR
470 1820 767 1891 IUSTINIANUS¹
792 1820 889 1891 PIUS
916 1822 1046 1889 FELIX
1068 1821 1268 1891 INOLITUS
1291 1822 1447 1890 VICTOR
1473 1823 1528 1890 Ac
1556 1821 1858 1891 TRIUMPHATOR

197 1908 364 1975 SEMPER
390 1904 621 1976 AUGUSTUS
652 1906 801 1973 MENAE
830 1907 931 1974 VIRO
962 1907 1162 1976 ILLUSTRI
1192 1906 1440 1973 PRAEFECTO
1472 1907 1713 1976 PRAETORIO
1741 1908 1773 1973 Π
1804 1906 1858 1971 EX

504 1990 754 2059 PRAEFECTO
775 1990 909 2060 HUIUS
931 1992 1077 2059 ALMAE
1100 1992 1245 2060 URBIS¹
1267 1993 1323 2059 Ad
1344 1991 1553 2060 PATRIGIO.

230 2161 337 2214 Summe
353 2157 393 2214 rei
410 2157 533 2227 publicae
550 2157 629 2213 tuitio
647 2157 680 2212 de
690 2157 774 2228 stirpe
786 2157 898 2213 ducrum
910 2175 1007 2218 rerum.
1058 2177 1117 2215 mus
1134 2176 1168 2215 ex
1185 2165 1326 2229 quaestore
1348 2159 1433 2214 nostri
1455 2157 1547 2227 pelutii
1564 2157 1714 2213 consularis
1734 2172 1767 2211 sc
1783 2156 1859 2226 putri-

195 2243 329 2282 urmorum
355 2233 435 2295 utque
457 2225 544 2295 legum
566 2225 673 2280 veniens
694 2225 799 2295 vimque
820 2242 896 2281 suum
913 2227 1008 2282 exinde
1059 2228 1116 2283 cius
1142 2228 1291 2283 lousnnss
1318 2232 1344 2281 et
1368 2227 1408 2280 vir
1437 2225 1639 2280 sublimissimus
1669 2241 1703 2279 ex
1733 2224 1860 2294 prseiecto

195 2294 316 2374 muniens
341 2293 405 2348 felix
421 2293 611 2373 liomunorum
632 2308 717 2372 genus
743 2293 865 2350 omnibus
883 2301 944 2349 unte
964 2297 1009 2349 oni
1058 2295 1194 2366 praetorio
1217 2293 1365 2350 consularis
1386 2300 1467 2374 utque
1489 2293 1618 2363 petricius
1638 2292 1788 2371 Lnonmns
1812 2292 1860 2344 rir-

195 2362 480 2417 nutiombusomnrbus
499 2360 672 2415 uedomrnun
688 2366 744 2414 tum
756 2361 907 2430 praeteritis
957 2363 1009 2417 ecit
1059 2379 1110 2431 quc
1127 2362 1348 2417 eminentissimus
1365 2369 1490 2430 mugrster
1507 2361 1619 2415 rnilitum
1630 2361 1778 2415 consuleris
1787 2364 1861 2428 utque

196 2430 361 2498 temporibus
386 2378 537 2508 quumer
562 2428 677 2507 propitio
702 2428 885 2509 inueternum
903 2428 1008 2484 efficiet.
1078 2431 1187 2484 utricins
1214 2429 1332 2508 Pisones
1357 2437 1385 2484 et
1409 2429 1449 2483 vir
1474 2428 1713 2507 excellentissim
1738 2444 1771 2482 ex
1790 2441 1860 2496 prue-

195 2498 308 2554 istorum
324 2503 420 2551 etenim
438 2496 551 2550 ulterum
559 2496 669 2551 ulterius
678 2496 778 2551 uunlro
787 2512 892 2565 semper
900 2496 1008 2566 vigniti
1058 2447 1130 2553 fecto
1152 2504 1286 2567 praetorio
1309 2512 1358 2565 per
1381 2497 1515 2551 Orientem
1538 2502 1566 2550 et
1586 2496 1717 2567 petricius
1745 2502 1773 2549 et
1796 2510 1861 2549 nunc

196 2570 224 2621 et
239 2563 424 2619 tummilituris
441 2564 597 2633 reelegibus
614 2563 852 2618 intutocollocutu
862 2570 912 2633 est,
929 2580 1009 2634 quum
1059 2565 1211 2635 preelectus
1233 2565 1366 2634 pruetorio
1389 2579 1437 2634 per
1454 2564 1589 2634 Illyricum
1606 2563 1764 2618 Bsssnrnrs
1784 2569 1811 2616 et
1826 2560 1861 2613 sir

194 2634 271 2702 ipsse
286 2634 358 2700 leges
375 2647 508 2686 urniorum
525 2630 659 2701 praesidio
676 2637 797 2686 smutue
814 2639 884 2686 sunt.
914 2634 1008 2687 merito
1058 2632 1265 2702 gloriosissimus
1296 2640 1422 2702 quaestor
1454 2632 1524 2687 sueri
1549 2631 1636 2687 nostri
1666 2631 1760 2700 peletii
1784 2634 1861 2707 etex

196 2700 277 2768 igitur
304 2700 340 2753 ud
367 2700 453 2768 primu
484 2699 662 2754 communium
692 2713 780 2754 rerum
808 2700 1009 2755 sustentationis
1060 2702 1170 2755 consule
1186 2699 1322 2765 Turones,
1345 2700 1423 2754 immo
1442 2706 1469 2753 et
1484 2699 1525 2753 sir
1627 2698 1704 2752 ’cus
1721 2698 1862 2765 mugistens

196 2768 315 2823 semiuu⁸
331 2772 451 2821 nostrum
459 2774 574 2821 mentem
583 2772 741 2835 nostrosque
750 2767 856 2822 labores
865 2767 1009 2823 referentes
1059 2767 1186 2837 dignitate
1206 2768 1276 2822 inter
1298 2776 1405 2835 ugentes
1429 2767 1571 2821 decoratus
1664 2778 1791 2821 omnbus
1815 2763 1860 2816 sir-

195 2836 321 2890 militaris
335 2834 441 2915 quidem
458 2835 563 2903 agmins
579 2833 770 2904 multiplicibus
787 2839 931 2889 etomnem
947 2852 1010 2905 pro·
1060 2851 1111 2904 quc
1141 2834 1254 2890 illustris
1280 2838 1401 2889 eomes¹²
1417 2834 1588 2903 largitionum
1612 2834 1684 2888 inter
1709 2842 1815 2902 ugentes
1838 2837 1863 2883 et

196 2903 338 2957 videntium
355 2902 552 2957 continentibus
575 2901 660 2957 modis
679 2902 867 2969 correximnsl,
891 2909 947 2956 tum
965 2918 1008 2957 re·
1058 2905 1185 2972 magister
1207 2901 1300 2958 scrinii
1320 2901 1470 2956 libellorum
1491 2908 1518 2956 et
1535 2916 1673 2957 sucturum
1691 2900 1862 2970 cognitionum

196 2971 298 3026 teribus
316 2968 351 3026 ud
373 2969 508 3029 meliorem
530 2974 630 3024 scutum
652 2968 725 3025 breri
747 2976 867 3051 tempore
883 2970 1009 3035 reductis,
1060 2970 1283 3026 Gonsnsnnruus
1307 2976 1334 3024 et
1354 2970 1395 3024 eir
1414 2970 1527 3024 illustris
1551 2984 1583 3023 en
1604 2971 1731 3037 mugistro
1755 2972 1782 3022 et
1802 2964 1862 3021 iuris

197 3054 277 3107 quum
288 3037 364 3093 novis
378 3052 432 3092 non
447 3038 534 3092 solum
548 3036 693 3106 exquisitis,
709 3037 849 3093 sedetiam
864 3045 938 3094 recte
954 3038 1009 3094 dis·
1060 3037 1154 3093 doctor
1178 3039 1207 3092 in
1233 3038 1285 3091 huc
1308 3038 1378 3093 ulmu
1400 3038 1468 3091 urbe
1491 3037 1695 3100 Tusculanen,
1718 3036 1769 3090 riri
1789 3034 1862 3089 etiarn

196 3106 329 3176 positione
345 3105 431 3160 nostri
447 3104 562 3160 numinis
584 3104 641 3159 sine
662 3106 737 3161 novis
755 3105 878 3175 expensis
894 3105 1010 3176 publicis
1060 3104 1227 3160 ᾶίιιιιιίιιίιιιι
1250 3105 1334 3174 togeti
1356 3104 1511 3174 amplisslmi
1531 3104 1584 3159 fori
1606 3109 1668 3159 tuuc
1701 3100 1861 3159 sublimitatis

197 3172 357 3239 constitutis,
374 3173 462 3243 legum
473 3187 536 3227 vero
551 3172 702 3241 praesidiu⁷
719 3172 804 3242 primo
813 3173 943 3229 servando
960 3189 1010 3242 po·
1059 3172 1228 3228 D1oscosus
1254 3177 1336 3240 utque
1359 3172 1584 3228 Pmnsnmmus
1610 3171 1700 3226 omnis
1740 3185 1807 3240 quse
1830 3168 1862 3222 eis

197 3242 263 3296 situs
306 3239 401 3296 deinde
430 3255 513 3295 novus
547 3240 671 3311 ponendo
702 3239 853 3296 firmissime
882 3240 1010 3296 subiectis
1059 3240 1255 3319 mendavimus,
1281 3256 1342 3319 cum
1363 3240 1457 3295 sedule
1479 3245 1507 3294 et
1522 3239 1642 3321 pervigili
1664 3214 1797 3294 industris
1813 3252 1862 3290 mo·

199 3315 211 3362 ι
298 3309 390 3363 cimus.
420 3307 474 3362 Sed
491 3323 552 3361 cum
568 3307 604 3387 sit
619 3308 799 3363 necessarium
815 3308 1010 3364 multitudinem
1059 3307 1205 3377 demitque
1223 3307 1472 3376 digestionecum¹³
1488 3307 1531 3362 der
1547 3307 1646 3361 uuxrlio
1663 3307 1699 3362 ud
1715 3318 1862 3386 prosperum

197 3376 416 3432 constitutionum
433 3381 489 3429 tum
505 3375 534 3429 in
552 3375 639 3431 tubus
647 3375 781 3430 veteribus
790 3375 927 3431 codicibus
940 3376 1009 3431 relu-
1059 3376 1180 3431 tulerunt
1204 3376 1346 3430 terminum
1377 3381 1405 3429 et
1428 3375 1542 3430 eundem
1573 3391 1671 3429 norum
1695 3373 1863 3430 Instimunnn

195 3450 284 3498 turum
325 3459 387 3498 uum
409 3450 472 3523 post
491 3458 584 3497 eorum
602 3441 795 3498 coniectionem
836 3444 1010 3499 osterioribus
1061 3442 1179 3499 codicem
1193 3442 1434 3499 nobisobtulerunt
1449 3443 1680 3512 incompositum,
1699 3447 1731 3497 ut
1747 3448 1775 3495 et
1790 3439 1864 3495 rebus

196 3461 359 3580 temporiUus
373 3510 537 3565 adiecturum
555 3509 591 3565 ed
607 3510 763 3566 breritutem
829 3511 931 3566 uceudo
945 3510 1010 3566 culi-
1059 3509 1218 3579 profuturus
1240 3515 1312 3566 esset
1334 3512 1517 3565 communibus
1539 3520 1566 3564 et
1586 3517 1678 3565 nostro
1706 3508 1865 3585 convenisset

196 3577 488 3714 ιιιιιιιιι
503 3577 622 3700 ιιι
635 3577 1011 3701 ulmique
1061 3577 1479 3701 ,essersene
1496 3573 1865 3700 ιιιιιιιιιιιιι

196 3664 355 3768 Beneficium
372 3712 422 3767 deo
435 3686 656 3834 frisesuleprono
670 3712 757 3768 unimo
776 3663 838 3768 nosp
848 3713 1011 3769 dedidimus⁸
1061 3727 1151 3770 omnes
1183 3721 1238 3768 tum
1268 3713 1414 3792 litigatores
1446 3663 1526 3781 quulm
1575 3684 1723 3767 ‘senissimi
1750 3706 1866 3765 sdvocuti
1919 3734 1920 3737 ι

198 3788 225 3835 et
237 3781 329 3836 electis
343 3780 405 3834 viris
418 3779 614 3849 goriosissimis
627 3787 683 3835 tum
696 3781 818 3835 doctrino
827 3781 913 3861 legum
931 3797 1011 3861 quum
1059 3781 1213 3837 nmlutenus
1236 3780 1274 3836 eis
1296 3780 1378 3835 heere
1399 3781 1432 3836 de
1449 3787 1537 3835 cetero
1556 3780 1760 3836 constitutiones
1778 3794 1809 3832 ex
1825 3791 1864 3828 re
1919 3796 1920 3845 ;

197 3847 473 3972 bttfittltlt‘lll
494 3847 636 3985 {tillet
655 3848 910 3985 lilibetlltt'
929 3849 1011 3972 lit
1060 3848 1170 3981 {iiii
1184 3849 1271 3970 ‘albii
1293 3847 1781 3984 ilitilltolttlltbtldil
1794 3844 1866 3982 {tt

196 3983 297 4040 finibus
313 3999 438 4051 mnmnm
454 3983 573 4039 laborem
585 3983 777 4049 commisimus,
795 3998 939 4054 perquem
955 3989 1011 4038 tum
1061 3999 1123 4040 sens
1144 3989 1198 4039 tem
1219 3999 1250 4038 us
1267 3955 1445 4050 iocabuntur,
1469 3983 1498 4037 in
1520 3981 1743 4050 cognitionalibus
1759 3980 1867 4035 rediture

197 4052 277 4106 trium
306 4058 424 4105 veterum
451 4049 607 4130 Gregoriunl
632 4057 660 4104 et
690 4050 895 4120 Hermogeninni
929 4055 1012 4121 utque
1061 4000 1267 4116 contuminiUus,
1290 4051 1337 4106 sed
1360 4051 1424 4105 solis
1441 4049 1525 4105 eidem
1542 4054 1634 4106 nostm
1660 4049 1747 4104 codici
1762 4044 1865 4127 insertis

198 4117 380 4173 Theodosiuni
403 4117 523 4172 codicum
550 4118 755 4175 constitutiones
777 4133 857 4198 quum
880 4119 1011 4199 plurimus
1061 4119 1297 4174 constitutionibus
1320 4134 1429 4173 necesse
1453 4132 1512 4172 esse
1529 4118 1582 4182 uti,
1605 4116 1667 4171 ielsi
1688 4116 1791 4171 crimini
1807 4112 1866 4168 sub·

197 4186 265 4240 elius
275 4187 296 4219 ¹⁰
313 4192 375 4255 post
392 4185 498 4240 eosdem
515 4184 622 4240 codices
640 4185 821 4257 u'l'heodouq
836 4186 939 4241 diunue
956 4202 1011 4241 me·
1060 4186 1153 4242 dendis
1163 4187 1213 4252 his,
1232 4186 1277 4254 qui
1286 4193 1381 4241 contre
1389 4185 1457 4240 haec
1465 4186 1484 4218 '⁴
1502 4185 1592 4240 iucem
1607 4184 1667 4239 ensi
1683 4183 1792 4249 fuerint,
1810 4195 1866 4260 cum

197 4253 298 4308 morice
329 4253 478 4320 ceterisque
507 4260 569 4322 post
600 4268 661 4308 eum
686 4260 759 4309 retro
783 4253 964 4325 principibus,
994 4269 1012 4307 s
1060 4253 1179 4308 sufficiet
1195 4253 1338 4308 earundem
1356 4251 1575 4308 constitutionum
1585 4252 1670 4307 nostri
1687 4250 1787 4306 codicis
1803 4263 1867 4302 reci·

197 4327 292 4376 nostru
322 4321 403 4374 etium
436 4321 575 4375 clementie
599 4320 704 4390 positus
730 4321 759 4375 in
783 4337 867 4376 unum
891 4321 1012 4376 codicem
1061 4321 1128 4376 tutio
1154 4321 1265 4377 sdiectis
1290 4321 1371 4376 etium
1395 4328 1513 4375 veterum
1538 4320 1605 4375 iuris
1636 4319 1867 4388 interpretetomn

197 4388 270 4443 lelici
286 4393 380 4443 nostro
397 4387 527 4443 vocubulo
539 4389 559 4422 ¹¹
582 4388 790 4458 nuncupandum
817 4388 905 4458 colligi
932 4402 1012 4458 prue-
1059 4389 1199 4444 laboribus
1215 4388 1251 4444 ed
1267 4403 1359 4443 omnes
1376 4387 1536 4442 dirimendas
1556 4388 1625 4454 lites,
1646 4387 1774 4455 nulleque
1794 4381 1867 4439 dubi·

198 4472 229 4511 ce
248 4456 329 4510 imus:
347 4454 471 4510 tollendis
489 4454 595 4534 quidem
611 4462 667 4510 tum
703 4456 896 4512 rueiutionibun
909 4457 1011 4512 nullum
1060 4456 1161 4512 tutione
1183 4455 1341 4537 emergendu
1363 4457 1404 4510 sel
1426 4471 1470 4522 eo,
1494 4454 1566 4524 quod
1582 4456 1641 4509 sine
1658 4454 1701 4508 die
1718 4457 1747 4509 et
1763 4448 1868 4506 consub

198 4540 212 4578 s
277 4523 354 4604 ''um
373 4523 511 4604 ‘senodum
538 4473 737 4579 coniurentiUus
763 4539 843 4593 quum
869 4525 1011 4580 corberiis
1060 4523 1191 4593 quuedum
1214 4528 1317 4593 positue
1343 4528 1420 4588 sunt,
1442 4523 1483 4577 vel
1499 4522 1571 4591 quod
1588 4521 1728 4601 edbertus
1744 4531 1867 4598 personas

197 4591 445 4655 constitutrombus,
489 4606 540 4646 uue
561 4590 709 4660 posteriore
730 4591 943 4660 promulgetionc
964 4608 1010 4646 ru·
1060 4591 1208 4661 rescriptae
1230 4598 1307 4655 sunt,
1330 4606 1391 4645 cum
1414 4606 1506 4646 omnes
1522 4590 1682 4670 &adultum
1704 4588 1867 4644 constitutio·
1918 4646 1919 4651 ἵ

198 4666 294 4714 cuuuo
310 4662 383 4722 sunt,
401 4606 532 4714 similUrus
549 4657 748 4739 etiumprseter
762 4674 807 4714 eus
851 4675 902 4715 use
919 4659 1011 4715 ecdem
1060 4675 1125 4714 num
1142 4658 1194 4713 sim
1216 4658 1337 4713 obtinere
1358 4659 1453 4726 procul
1470 4656 1552 4713 dubio
1569 4664 1618 4712 est
1653 4655 1701 4712 sed
1717 4660 1746 4711 et
1762 4655 1786 4709 si
1802 4665 1867 4723 quse

197 4740 285 4795 poene
303 4724 447 4781 sanciendo
462 4724 619 4805 dubiosum
635 4726 702 4782 suris
710 4676 934 4796 uliqnemqiscero
948 4744 1011 4782 uos·
1061 4725 1205 4806 eorundem
1236 4726 1457 4805 constitutionum
1486 4724 1613 4779 detructis
1643 4725 1685 4779 vel
1710 4722 1805 4778 additis
1828 4717 1868 4797 vel

198 4800 305 4857 cuntur,
323 4810 356 4848 ex
391 4808 427 4847 uu
443 4792 582 4849 dividendo
599 4799 690 4848 veteru
706 4810 804 4849 novum
820 4793 923 4916 aliquid
936 4794 1012 4851 uesci
1061 4798 1219 4864 permutetis
1244 4798 1325 4847 cerus
1350 4793 1451 4857 verbis,
1477 4791 1549 4912 quod
1576 4795 1604 4846 et
1630 4791 1719 4872 ipsum
1746 4787 1868 4860 prueistss

197 4861 314 4925 videtur,
343 4877 368 4914 m
398 4861 432 4915 tis
459 4860 571 4930 iusuper
597 4861 658 4915 ullis
684 4861 719 4916 ud
741 4865 843 4917 rectum
878 4861 1012 4917 uiusmodi
1062 4860 1287 4916 excellentissimis
1305 4860 1367 4915 viris
1391 4859 1481 4928 specie
1492 4861 1543 4914 iter
1559 4858 1739 4929 permisimus,
1762 4869 1868 4934 compo-

198 4928 297 4984 eodicis
315 4928 532 4996 compositionem
541 4928 736 4998 pertinentibus
744 4928 1010 5000 isdemprudentissi·
1061 4929 1130 4984 sites
1155 4934 1232 4993 sunt,
1262 4927 1359 4982 nulli¹⁸
1390 4925 1559 4982 concedimus
1590 4942 1624 4980 ex
1649 4925 1724 4981 libris
1747 4920 1869 4983 rinnel

198 5000 213 5049 ‘l
247 4996 298 5051 mis
314 4995 377 5050 siris
400 5011 418 5049 s
439 5002 532 5050 nostro
554 4997 663 5051 numine
684 4996 826 5052 mundetis
863 4997 903 5051 Et
918 5003 1010 5053 nostro
1061 4996 1128 5051 iuris
1151 4995 1388 5077 interpretaturum
1408 4993 1486 5049 uliter
1508 5008 1554 5049 eus
1572 4993 1729 5048 hubentes¹¹
1751 4991 1868 5052 resim,

197 5062 286 5118 studio
314 5079 365 5133 pro
393 5079 424 5118 ro
451 5064 561 5134 publicu
587 5063 711 5119 instituto
739 5079 819 5119 suum
869 5064 1012 5120 rsesidinm
1061 5064 1108 5118 sed
1126 5063 1209 5118 solum
1226 5063 1293 5118 roris
1309 5061 1524 5131 interpretatoris
1536 5061 1693 5116 sententium
1702 5061 1723 5094 ¹⁸
1740 5071 1868 5115 commcn-

198 5131 447 5212 deusomnipotens
469 5130 571 5187 adnuit
604 5131 640 5186 ud
660 5131 742 5187 istum
752 5133 829 5186 -enim
847 5080 967 5187 Uberum
984 5138 1012 5186 et
1062 5131 1134 5194 dure,
1157 5134 1190 5185 ut
1210 5135 1277 5185 tunc
1298 5134 1398 5194 tenent,
1421 5144 1482 5182 cum
1503 5128 1609 5183 miulme
1631 5128 1785 5183 adversetur
1801 5124 1867 5180 uus·

197 5199 265 5253 tenti
282 5214 371 5268 opens
392 5198 646 5255 consummationem
663 5200 741 5254 electi
757 5200 799 5255 sir
820 5199 1010 5254 excellentissi·
1061 5203 1078 5253 t
1112 5198 1172 5253 dem
1188 5197 1274 5254 noemi
1291 5197 1390 5252 codicis
1405 5196 1650 5253 constitutionibus.
1685 5195 1714 5250 si
1728 5209 1796 5263 quse
1809 5203 1867 5246 sero

1753 5304 1861 5317 ‘-

197 5370 228 5431 (ι)
246 5367 276 5419 de
293 5369 401 5421 novoO
453 5370 486 5431 (ι)
504 5383 526 5419 e
545 5365 671 5421 ioscW
718 5370 805 5434 (elsio
825 5370 856 5431 U,
874 5368 1010 5420 consunti-
1060 5363 1425 5434 studioqucreipnblioseCW
1455 5358 1871 5431 (totstcqummdiuplursv

197 5434 484 5501 nopolitunseins.0W
521 5438 554 5500 (ι)
564 5435 648 5501 viguit
659 5436 713 5498 GU,
724 5437 795 5502 eguit
810 5437 844 5489 W
884 5436 1011 5502 (slprimu
1060 5438 1103 5502 (ιι)
1120 5435 1222 5487 nomino
1243 5436 1271 5488 U
1335 5438 1573 5498 (lituorummirs.
1588 5435 1663 5497 (edd,
1679 5437 1711 5498 cs.
1721 5443 1769 5499 pi
1789 5434 1867 5482 nocet
1917 5476 1918 5489 ,

198 5520 250 5555 or.
266 5502 471 5556 substentetionis
487 5503 614 5567 semituC,
631 5503 738 5569 primum
756 5520 777 5555 c.
795 5521 816 5555 r.
834 5503 1009 5555 substentetio-
1061 5508 1106 5566 (lt)
1124 5508 1178 5555 tum
1194 5522 1242 5557 scr.
1258 5503 1411 5565 [Mommsent
1479 5503 1524 5566 (ιι)
1543 5503 1589 5553 hoo
1610 5502 1644 5554 W
1697 5508 1739 5560 list
1760 5496 1825 5549 nulli
1838 5495 1865 5553 U,

198 5570 397 5635 nisscminuffl,
412 5571 492 5636 prim·
506 5571 666 5636 (oelprimu)
687 5586 708 5620 c.
723 5588 744 5622 r.
759 5572 1010 5623 sustentationemse·
1060 5570 1139 5623 nullis
1157 5570 1218 5625 GW
1256 5571 1347 5636 (toleio
1360 5571 1390 5636 U,
1405 5572 1516 5622 veterum
1530 5570 1588 5623 CW
1622 5566 1825 5635 (lllbubentibns
1839 5561 1870 5616 W

196 5637 511 5705 mitnmffissprimsmur.
520 5637 742 5689 substentationem
755 5637 792 5691 U’
840 5639 1011 5703 (unumst
1061 5642 1105 5703 (ts)
1120 5639 1251 5691 mentium
1271 5639 1331 5693 CW

197 5701 597 5775 (iilegumvprtcsoseCWU‘
630 5704 859 5770 (slodidimuslibri
891 5708 1010 5771 (tituil,
