3816 6192
193 240 259 307 XII
283 243 320 304 lb
997 228 1063 306 lto
1443 257 1490 305 ns
1510 254 1669 305 suoxmn
1689 257 1837 309 morosus

197 422 297 494 duplici
314 423 460 491 iungantur
481 421 572 476 officio
592 437 643 476 nec
665 422 777 490 geminis
800 422 901 478 charib
916 421 1007 491 inrep·
1059 425 1098 477 (ta
1132 421 1262 476 Omnibus
1277 420 1416 476 antelatis
1431 421 1574 491 privilegiis
1588 426 1690 492 postea.
1705 424 1840 494 qnibnsper
1906 460 1907 463 =

196 494 288 557 redut,
306 496 408 545 utnon
425 506 492 544 occu
512 491 609 544 entur¹
632 489 712 557 plura
733 490 762 544 in
781 506 865 544 unum
888 505 917 545 se
935 505 1008 544 com·
1058 489 1208 544 anteriores
1230 489 1351 544 dirorum
1374 489 1525 558 principum
1546 490 1699 546 sanctiones
1718 492 1839 547 dsendn·
1906 512 1907 519 ¹

196 560 277 615 moda
294 558 418 613 collaturi
434 557 489 611 nib'
502 573 555 625 que
571 557 620 611 reb
639 557 680 612 uis
698 558 825 612 relicturi.
1058 561 1117 622 tur,
1140 557 1169 610 in
1190 571 1307 627 persona
1328 560 1385 611 tam
1402 572 1506 619 eornm,
1531 558 1578 625 qui
1601 557 1688 613 adbuc
1707 559 1841 614 rnilinmst
1906 600 1907 605 .

232 625 543 697 simplitatem
558 626 590 678 Α.
636 624 728 679 taedio
746 626 879 704 alapistro
898 624 1007 694 officio-
1058 625 1104 694 qni
1118 630 1214 694 postea
1228 623 1339 679 eandem
1353 624 1474 678 militiam
1488 626 1577 680 sortiti
1590 630 1662 691 sunt,
1678 642 1841 694 quaneornn,
1906 686 1907 693 ,

195 712 263 749 rum
299 694 329 748 si
346 694 406 762 quis
424 693 452 745 in
473 692 559 747 sacris
581 692 680 746 nostris
704 693 822 753 scriniis,
845 692 873 746 id
895 700 936 746 est
952 706 1008 745 me·
1058 692 1104 760 qui
1126 692 1291 760 praedictam
1313 692 1435 746 militiam
1457 692 1542 761 gradu
1565 698 1694 747 rossum·
1713 695 1761 748 iam
1775 695 1840 764 depe
1907 749 1908 762 ,

196 762 297 817 moriae
314 760 519 829 dispositionum
536 759 713 827 epistularum
730 768 758 814 et
774 750 934 825 libellorum,
952 766 1007 812 sta·
1058 766 1172 814 suerunt
1188 760 1229 813 sel
1246 763 1342 828 postea
1360 759 1545 829 deposuerint,
1564 761 1709 825 servandis,
1725 769 1753 815 nt
1767 778 1842 816 arun
1907 787 1908 822 1

196 830 263 884 tutis
276 830 330 883 iam
344 832 551 883 connumeratus
561 827 595 880 ab
609 826 661 881 hac
675 827 736 881 luce
749 827 831 882 inerit
844 827 1007 891 subtractus,
1059 828 1197 882 commodo
1219 827 1273 895 ipsi
1289 841 1396 896 quoque
1416 843 1471 882 uua
1493 843 1554 882 cunr
1572 828 1699 883 uxoribus
1718 834 1744 883 et
1762 830 1842 890 liberis,
1907 847 1908 854 ¹

196 898 231 951 ab
250 912 290 961 ec,
309 897 468 965 quicumque
486 900 580 962 utpote
593 902 707 949 vacante
723 895 783 949 loco
802 895 835 949 de
853 894 1006 948 substitutis
1059 895 1356 963 scolonispraeterea
1369 896 1486 950 etsersis
1501 896 1618 966 propriis
1632 896 1801 976 perfruantur.
1814 896 1842 949 lit
1906 898 1907 953 l

196 966 224 1019 in
248 972 410 1019 statutorum
434 963 569 1016 consonis
595 961 678 1016 luerit
700 963 810 1017 ultimus
837 964 1007 1029 subrogatus,
1058 962 1184 1030 quoniam
1210 963 1239 1016 iu
1266 963 1465 1027 controversiis,
1491 978 1560 1031 quas
1586 964 1614 1017 in
1639 963 1741 1019 redimis
1763 968 1843 1020 moseri
1906 976 1907 993 ³

195 1048 245 1102 pro
264 1032 365 1087 solacio
381 1031 421 1084 rel
439 1030 567 1098 suffragio
584 1030 699 1099 proximi
712 1030 849 1083 delinitam
862 1044 1008 1097 moraeque
1059 1030 1207 1098 contigerit,
1225 1030 1413 1099 aequalitatem
1430 1030 1611 1099 litigatoribus
1624 1032 1844 1100 solumnssemri,
1906 1088 1907 1091 ,

198 1100 383 1155 constitutioni
405 1098 482 1152 divae
504 1098 647 1151 memoriae
671 1097 816 1151 Theodosii
839 1103 866 1152 et
888 1097 1007 1151 Valenti·
1058 1105 1086 1150 et
1103 1098 1262 1151 adversariis
1278 1112 1369 1151 eorum
1386 1114 1436 1167 pro
1451 1098 1603 1167 sumptibus
1618 1108 1645 1152 et
1658 1100 1844 1180 expensusini-
1906 1110 1907 1119 ¹

196 1169 270 1222 niani
287 1167 458 1236 principum²
478 1166 606 1219 insertam
624 1165 800 1233 quantitatem
824 1164 943 1220 defuncti
960 1164 1007 1217 he·
1059 1165 1111 1219 lem
1128 1173 1191 1218 aute
1207 1166 1324 1219 latorum
1340 1165 1532 1220 beneficiorum
1549 1174 1758 1234 praerogativam
1773 1178 1844 1221 emto·

196 1235 274 1289 redes
292 1236 334 1289 sel
352 1248 522 1289 antecessores
540 1233 582 1286 vel
605 1232 681 1285 liberi
700 1233 757 1286 eius
780 1247 830 1286 seu
853 1232 1007 1295 creditores,
1060 1238 1074 1285 5
1109 1232 1184 1286 diri⁸.
1229 1232 1281 1286 Pro
1303 1237 1344 1286 ter
1361 1233 1431 1287 hanc
1447 1233 1546 1287 etenim
1564 1249 1673 1287 causam
1690 1239 1717 1289 et
1732 1235 1796 1289 siros
1809 1235 1843 1288 de·
1907 1231 1908 1300 ἰ

196 1303 242 1372 qui
259 1303 338 1356 fenus
354 1317 415 1355 cnm
429 1304 535 1355 mortuo
554 1315 602 1367 pro
618 1300 712 1353 statuti
728 1300 789 1353 loco
805 1300 829 1356 ei
844 1298 1008 1368 adquirendo
1060 1307 1134 1354 votos
1161 1250 1329 1354 memoriales
1355 1316 1410 1355 non
1435 1305 1540 1355 tantum
1566 1302 1669 1369 agendo
1694 1299 1723 1352 in
1747 1303 1845 1368 quoblet
1907 1307 1908 1314 ’

197 1369 389 1434 conduxerint,
407 1376 618 1436 consequuntur:
638 1368 677 1420 ita
691 1368 845 1431 scilicetnt,
863 1367 886 1421 si
904 1366 1007 1421 heredi·
1058 1368 1165 1430 indicio,
1191 1367 1238 1421 sed
1262 1369 1341 1421 etism
1365 1368 1485 1422 actiones
1506 1369 1541 1422 ab
1565 1370 1626 1423 aliis
1648 1369 1798 1437 ingerendas
1811 1386 1844 1422 er·
1906 1372 1907 1385 ¹

196 1444 240 1492 tas
257 1439 298 1491 sel
317 1438 452 1491 successio
470 1436 539 1489 diem
557 1435 644 1488 functi
659 1435 765 1488 minime
781 1434 864 1489 fuerit
880 1450 958 1489 susce
978 1438 1008 1487 ta
1060 1435 1182 1504 cipieudc
1193 1436 1342 1556 privilegiis
1354 1450 1371 1489 a
1384 1435 1583 1491 nobisindultis
1596 1437 1679 1504 potiri
1691 1437 1844 1491 decaniam

196 1505 342 1567 soledita,
365 1504 598 1571 talespersonae,
619 1502 648 1555 id
671 1510 712 1555 est
734 1502 879 1557 creditores
902 1502 1008 1571 quiem
1059 1508 1074 1556 b
1109 1503 1191 1556 Hissi
1212 1503 1298 1566 elicot,
1334 1504 1363 1557 ui
1375 1503 1497 1558 militiam
1506 1505 1623 1559 virorum
1637 1503 1845 1558 devotissimorun
1906 1522 1907 1545 ³

197 1580 293 1627 contra
307 1576 411 1625 ceteros
424 1571 610 1639 praerogatiua
623 1570 675 1623 sibi
687 1574 807 1637 servam,
824 1570 901 1624 liberi
918 1577 1007 1623 autem
1058 1570 1250 1625 memorialium
1267 1520 1351 1638 gradu
1365 1572 1453 1626 soluto
1471 1572 1653 1641 deposnerunt
1671 1587 1719 1625 sen
1736 1571 1845 1652 deposm
1906 1602 1907 1633 1

196 1642 238 1693 vel
255 1641 347 1707 agnmi
369 1655 417 1692 seu
436 1639 542 1704 cognati
559 1653 612 1691 nou
635 1638 791 1692 hereditatis
810 1638 857 1692 sed
879 1637 1007 1706 privilegii
1058 1638 1125 1703 rint,
1150 1646 1177 1690 et
1199 1639 1222 1692 si
1246 1638 1342 1706 quietis
1360 1652 1451 1693 amore
1468 1654 1517 1707 per
1537 1639 1689 1707 provincias
1705 1639 1846 1694 domicilium

197 1707 304 1761 nornine
327 1706 408 1760 simili
428 1705 507 1759 modo
533 1704 685 1758 huiusmodi
707 1721 837 1759 summam
859 1705 1010 1773 percipiunt
1058 1705 1150 1760 lovere
1173 1706 1327 1772 maluerint,
1351 1707 1475 1761 omnibus
1498 1707 1582 1761 nihilo
1605 1707 1694 1760 minus
1716 1707 1846 1775 pririlep'ia

197 1776 301 1843 sibique
330 1779 423 1854 petere
453 1788 486 1826 ac
515 1772 650 1826 vindicare
678 1774 882 1840 permittantur:
909 1771 1008 1825 nullius
1060 1788 1128 1840 quae
1149 1772 1301 1827 huiusmodi
1326 1773 1449 1842 personis
1473 1789 1523 1842 per
1549 1774 1758 1829 sacratissimam
1781 1775 1847 1842 lagen

197 1843 395 1895 machinatione
417 1839 571 1894 huiusmodi
593 1844 686 1894 nostra
708 1840 884 1908 dispositione
906 1847 1007 1893 retrac·
1058 1857 1145 1908 nuper
1168 1842 1379 1909 promulgatam⁷
1406 1846 1540 1897 anostra
1568 1843 1713 1896 serenitate
1738 1843 1847 1910 praesdtn

197 1910 281 1963 tanda
307 1924 355 1963 seu
381 1907 517 1971 violando,
540 1909 654 1962 maxime
679 1924 739 1962 cum
761 1909 831 1962 viros
856 1907 937 1962 etiam
958 1922 1008 1975 pro
1058 1916 1134 1973 sunt,
1158 1909 1307 1963 muniendis
1330 1915 1358 1963 et
1379 1923 1473 1965 eornm
1494 1909 1639 1965 commodis
1661 1915 1744 1980 atque
1766 1910 1847 1965 unte

197 1982 317 2045 tempore
339 1975 499 2044 spectabiles
522 1975 666 2029 eorundem
687 1976 823 2044 proximos
841 1975 1008 2039 scriniorum,
1057 1975 1192 2044 petituris.

197 2044 306 2112 siquis
333 2059 425 2097 eorum
449 2046 513 2096 ante
539 2044 699 2111 completum
724 2044 890 2111 proximatus
917 2048 1008 2096 actum
1094 2040 1133 2101 13
1152 2042 1220 2115 Imp.
1241 2042 1363 2098 lustinus
1378 2045 1410 2099 A.
1430 2043 1550 2099 Proculo
1589 2046 1711 2100 walari
1727 2046 1799 2099 sacr-i
1807 2062 1848 2117 ps·

197 2122 283 2165 morte
300 2115 461 2180 praeventus
475 2110 518 2178 sit,
536 2109 572 2164 ad
586 2111 697 2164 heredes
711 2125 882 2165 successores
901 2125 1008 2164 uesuos
1059 2111 1127 2165 latii.
1169 2111 1352 2179 Comperimus
1374 2112 1499 2167 diuinitus
1521 2062 1645 2181 quidem·
1670 2112 1755 2168 fnisse
1775 2113 1846 2181 dupt-

197 2179 297 2234 residui
315 2178 444 2247 temporis
458 2178 624 2246 proximatus
640 2179 741 2232 solacia
756 2178 880 2246 sineque
957 2178 1007 2230 im·
1058 2179 1139 2233 situm
1152 2179 1224 2233 siros
1237 2179 1347 2234 devotos
1362 2179 1499 2234 adiutores
1517 2185 1580 2234 tuae
1597 2181 1847 2249 magnitudinisestt

196 2247 345 2300 minutione
363 2245 545 2300 transmittere
561 2261 616 2299 non
633 2246 777 2300 dubitetur.
1058 2261 1118 2301 esse
1131 2246 1159 2299 in
1173 2262 1284 2300 numero
1298 2261 1350 2301 nec
1363 2247 1398 2301 ad
1416 2248 1568 2301 huiusmodi
1585 2264 1682 2302 nomen
1699 2250 1743 2302 sel
1759 2263 1846 2318 operar

234 2312 272 2370 12
292 2313 380 2367 'illem
393 2315 424 2367 A.
442 2312 528 2366 θείατ’
545 2314 678 2382 magistro
697 2313 861 2384 officiorum.
880 2312 1007 2367 lnsacris
1058 2315 1149 2434 glarea
1167 2314 1269 2367 licitum
1294 2330 1352 2369 esse
1361 2315 1520 2393 adspirare,
1544 2330 1625 2382 quam
1643 2316 1670 2368 in
1692 2317 1789 2371 scrinio
1803 2316 1846 2384 qni·

197 2382 304 2436 scriniis
327 2381 472 2434 militantes
499 2388 527 2434 et
547 2386 673 2448 parentes
696 2386 778 2448 atque
799 2396 898 2435 uxores
915 2396 1008 2435 eorum
1076 2397 1117 2434 em
1140 2397 1233 2435 sacrae
1259 2397 1402 2436 memoriae
1427 2382 1568 2437 duodecim
1594 2388 1716 2445 tanturn
1744 2392 1846 2453 semma
1907 2403 1908 2424 ι

196 2465 248 2503 nec
264 2465 318 2503 non
336 2449 435 2502 bbercs
450 2463 484 2501 ex
498 2448 632 2501 sententia
648 2448 832 2502 tantummodo
849 2455 912 2501 tuae
930 2448 1007 2502 celsi·
1057 2464 1119 2504 sero
1134 2450 1162 2502 in
1176 2449 1282 2504 duobus
1296 2450 1406 2517 reliquis
1419 2450 1533 2514 scriniis,
1548 2450 1576 2503 id
1590 2454 1633 2505 est
1644 2467 1781 2505 sacram
1793 2451 1846 2519 epis

196 2517 297 2571 tudinis
315 2516 466 2570 criminales
484 2518 511 2569 et
528 2515 619 2569 ciuiles
635 2515 797 2570 mustiones
811 2516 946 2583 agentium
961 2531 1006 2568 ex·
1056 2516 1174 2570 tularum
1196 2532 1387 2586 sacrorumque
1408 2518 1571 2582 libellorum,
1593 2517 1641 2572 ssd
1658 2520 1808 2585 posterioris
1824 2519 1846 2570 b

196 2585 287 2653 cipere
304 2584 433 2647 iubemus,
450 2582 560 2651 iusuper
574 2583 654 2637 etiam
671 2584 781 2638 colonos
800 2599 847 2638 seu
864 2582 1007 2651 adscripti·
1058 2584 1173 2638 centium
1190 2592 1243 2638 tem
1264 2585 1318 2639 oris
1341 2586 1549 2664 supramodum
1566 2585 1730 2653 indulgendo
1748 2586 1846 2641 mbas

197 2652 254 2706 cios
281 2658 307 2705 et
333 2666 423 2705 servos
446 2665 539 2705 eorum
561 2651 590 2705 in
615 2651 666 2705 hac
693 2650 765 2719 regia
789 2654 857 2707 urbe
881 2651 1007 2718 degentes
1056 2651 1136 2707 nibus
1154 2601 1320 2706 emundasse
1340 2667 1382 2707 rer
1402 2654 1498 2707 menta
1514 2669 1546 2707 ae
1568 2653 1597 2707 in
1614 2654 1804 2708 multitudinem
1817 2654 1846 2707 di

195 2719 288 2774 eodem
312 2718 442 2772 beneficio
467 2718 562 2786 potiri,
586 2718 648 2771 lidei
670 2734 719 2787 pro
741 2724 861 2786 ternpore
878 2718 1008 2772 adiutoris
1057 2718 1188 2788 vulgasse,
1198 2724 1230 2774 ut
1243 2720 1512 2775 intermemorialiurn
1520 2728 1548 2774 et
1561 2720 1714 2775 adiuturum
1729 2737 1847 2775 nunercs

195 2787 246 2841 viri
262 2786 416 2854 spectabilis
434 2785 547 2854 proximi
561 2786 603 2840 rel
620 2786 699 2841 nnius
714 2801 748 2841 ex
761 2785 869 2841 statutis
887 2786 1007 2841 commit·
1063 2793 1071 2839 l
1108 2804 1163 2842 non
1180 2788 1288 2855 longum
1303 2802 1392 2868 paene
1408 2787 1522 2842 intersit.
1558 2789 1698 2842 &scimus
1715 2789 1802 2858 itaque
1816 2805 1846 2842 re

195 2854 305 2908 tendes:
323 2854 381 2908 ita⁴
397 2860 436 2919 ut,
454 2853 478 2907 si
494 2854 523 2906 in
539 2854 679 2922 prouincia
693 2854 854 2923 quicumque
866 2854 1006 2907 memoria·
1058 2854 1170 2909 duciae
1187 2870 1311 2909 renovari
1328 2860 1459 2910 statutum
1475 2855 1577 2911 ordinis
1594 2855 1747 2923 terminum,
1765 2873 1812 2911 non
1824 2860 1848 2908 nt

195 2922 229 2975 lis
246 2928 368 2990 repertus
386 2921 481 2987 luerit,
502 2921 650 2976 iuratoriae
673 2920 792 2976 cautioni
817 2921 1006 3000 committatur,
1057 2922 1208 2976 eximantur
1224 2922 1392 2977 adiutoribus
1407 2922 1435 2987 ii,
1453 2924 1498 2992 qni
1509 2927 1620 3045 gruem
1634 2924 1796 2993 praedictam
1806 2925 1848 2976 dis·

195 2989 246 3043 etsi
264 3005 317 3044 non
335 2989 472 3056 possideat
487 2988 647 3043 immobilem
664 2988 855 3055 substantiam,
880 2989 949 3044 servi
966 3004 1006 3041 nr·
1056 2990 1216 3058 positionem
1241 2990 1269 3043 in
1294 2991 1429 3058 praesenti
1455 3006 1507 3045 exu
1527 2994 1618 3054 erant,
1642 2993 1690 3045 sed
1712 2998 1745 3046 ut
1765 2993 1847 3046 nura

195 3056 251 3111 hilo
274 3057 363 3111 minus
384 3063 412 3110 st
435 3056 523 3111 coloni
546 3056 581 3110 ad
605 3071 665 3110 enm
682 3057 847 3124 pertinentes
869 3056 932 3110 fidei
948 3056 1006 3110 cius
1057 3058 1179 3112 omnibus
1196 3057 1256 3112 aliis
1275 3058 1450 3112 interdicatur
1463 3059 1498 3112 ab
1511 3058 1675 3113 adfectando
1691 3058 1746 3114 hoc
1762 3074 1847 3117 nonen.

198 3129 210 3178 1
246 3124 397 3178 mudantur.
415 3123 526 3178 Modum
539 3122 651 3191 insuper
664 3123 847 3191 sportularum
862 3123 1005 3177 admedio-
1056 3126 1143 3179 donec
1160 3125 1320 3179 exeuntibus
1335 3126 1445 3194 singulis
1459 3142 1493 3180 ac
1507 3126 1696 3181 recedentibus
1710 3126 1847 3182 desem

196 3207 268 3246 crem
286 3192 382 3246 deduci
399 3191 574 3260 quantitatem
592 3194 619 3244 et
636 3191 840 3246 exsecutoribus
861 3190 895 3245 de
912 3191 1006 3245 schola
1052 3193 1142 3263 possit
1158 3193 1240 3247 vetita
1258 3193 1464 3261 conglomeratio
1480 3193 1667 3274 legitimusque
1679 3195 1736 3249 iam
1751 3194 1847 3250 resideat

194 3259 330 3327 agentium
348 3260 376 3313 in
390 3259 472 3312 rebus
489 3258 666 3312 attribuendis
683 3274 766 3312 unum
783 3257 897 3312 solidum
915 3259 1006 3326 singu-
1055 3275 1195 3315 numerus:
1220 3277 1274 3314 nou
1316 3260 1471 3315 robibeudis
1493 3263 1556 3315 stris
1578 3261 1681 3316 devotis
1697 3263 1846 3317 adiutoribus

194 3326 236 3381 los
254 3341 339 3393 usque
356 3326 392 3379 ad
413 3325 493 3379 linem
511 3326 611 3393 negotii
647 3340 730 3394 roque
751 3325 874 3394 ingressu
890 3326 919 3379 in
935 3325 1005 3380 indi-
1055 3327 1245 3383 desistentibus
1264 3277 1665 3394 cadentemcadentem
1681 3329 1846 3384 laterculenm

196 3393 239 3448 cio
262 3397 327 3448 tuae
343 3393 534 3461 magnitudinis
557 3342 677 3460 quolisset
693 3392 772 3448 modo
795 3393 919 3448 iaciendo
937 3393 1004 3447 duos
1053 3396 1165 3465 gradum
1180 3395 1702 3466 in'scriniosucraememoriaeprosccti
1715 3398 1846 3453 lnnmtrcl
1899 3402 1905 3421 ¹

194 3460 294 3517 solidos
313 3467 340 3513 et
361 3476 412 3529 pro
429 3460 545 3515 editione
566 3468 701 3528 gestorum
718 3462 906 3529 exceptoribus
929 3461 1005 3515 dimi·
1053 3463 1202 3518 secuudum
1219 3463 1307 3517 locum
1325 3463 1491 3518 obtinuerint
1506 3464 1535 3518 in
1553 3464 1659 3519 duobus
1673 3465 1736 3520 aliis
1751 3464 1845 3527 seriniis,

194 3528 265 3582 diam
287 3527 366 3582 solidi
388 3535 492 3596 partem
514 3534 554 3593 et,
578 3528 602 3581 si
624 3528 696 3596 apud
719 3529 848 3583 arbitrum
871 3529 1005 3597 negotium
1056 3531 1351 3600 postquem⁰proxirni
1364 3535 1536 3595 creabuntur,
1551 3531 1744 3587 licetnondum
1756 3532 1846 3588 ιοᾱιαι

193 3595 317 3651 ventilari
332 3595 482 3663 contigerit,
499 3595 551 3665 ipsi
564 3596 671 3664 quidem
680 3596 782 3651 arbitro
797 3597 1005 3651 ununsobdun
1056 3599 1091 3652 sit
1108 3599 1245 3667 quantitas
1263 3599 1388 3667 pristina,
1411 3603 1500 3653 tamon
1518 3599 1586 3654 ulios
1609 3615 1660 3668 pro
1678 3616 1708 3654 se
1726 3616 1790 3670 quos
1803 3600 1845 3653 eie

193 3669 223 3718 et
238 3663 306 3717 nibil
323 3663 452 3732 amplius,
470 3664 657 3731 exceptoribus
675 3669 765 3718 autem
783 3679 842 3717 euru
860 3664 1005 3718 observan-
1053 3666 1142 3733 gerint
1159 3666 1344 3733 subrogandos
1362 3666 1498 3721 adiutores
1516 3674 1620 3736 petere,
1639 3668 1687 3736 qui
1702 3667 1844 3738 posteriores

193 3731 266 3786 tibus
284 3738 339 3785 mm
355 3747 405 3801 pro
422 3731 481 3800 ipso
500 3731 572 3800 qnod
592 3731 701 3801 implere
718 3732 840 3785 videntur
857 3731 1003 3787 ministerio
1055 3739 1070 3788 2
1105 3741 1186 3788 erunt
1204 3734 1308 3788 ceteris.
1343 3733 1413 3787 illud
1431 3733 1512 3789 etiam
1528 3734 1725 3803 disponendum
1741 3736 1844 3790 duximus

193 3814 273 3920 guam
291 3815 340 3868 pro
358 3799 475 3853 editione
490 3804 625 3867 gestorum
638 3814 686 3854 seu
701 3798 838 3854 relationis
850 3799 892 3853 sel
910 3799 1003 3854 delini-
1054 3806 1149 3870 utpote
1165 3801 1300 3855 nonnullis
1315 3801 1494 3856 anterioribus
1511 3802 1638 3871 exemplis
1653 3804 1792 3858 subnixum
1806 3816 1844 3856 nec

216 3867 274 3921 onb
291 3867 398 3920 tertiam
414 3872 520 3935 partem
536 3865 616 3920 solidi
658 3867 768 3922 rathere
785 3866 934 3921 sancimus:
953 3881 1004 3920 nec
1053 3885 1108 3924 non
1125 3869 1245 3923 iustitiae
1259 3884 1413 3937 scamnum,
1431 3875 1462 3925 ut
1476 3871 1510 3924 ab
1525 3870 1576 3934 bis,
1594 3871 1694 3938 quibus
1707 3884 1844 3926 concussu

192 3949 243 4002 pro
267 3940 387 4003 tempore
410 3935 496 3988 vuum
519 3884 692 4002 spectabilem
715 3933 774 3988 fisci
796 3941 938 4003 patronum
961 3934 1004 3988 vel
1053 3941 1096 3991 est
1112 3936 1264 3990 adiuturum
1282 3936 1380 4005 agmini
1396 3952 1446 4006 pro
1464 3953 1494 3991 se
1510 3938 1628 4005 sociare,
1645 3939 1749 3993 libellus
1765 3938 1843 3993 oden·

193 4006 376 4067 exsecmmes,
400 4002 497 4070 quibus
514 4000 667 4055 imminendi
683 4001 775 4055 litibus
793 4001 944 4056 sollicitudo
962 4002 1002 4056 iu·
1053 4010 1098 4058 tur
1118 4005 1175 4058 viro
1196 4004 1294 4058 illustri
1316 4020 1365 4072 pro
1388 4011 1509 4073 tempore
1534 4008 1671 4074 quaestori
1697 4006 1844 4075 peteudnqst

191 4069 285 4123 iuncta
308 4076 349 4124 est
386 4069 527 4150 quicquam
550 4070 585 4123 ab
608 4069 650 4123 bis
673 4070 779 4138 erigere
796 4084 843 4123 seu
861 4069 1004 4151 profligare
1053 4073 1111 4126 eius
1128 4071 1290 4139 subscriptio
1308 4079 1413 4140 tempus
1428 4079 1509 4141 atque
1524 4072 1659 4127 hominem
1672 4090 1723 4129 nec
1737 4086 1843 4128 nonrss

192 4135 315 4190 courcedi:
334 4109 442 4191 dimidia
456 4136 559 4191 scilicet
571 4151 761 4217 expensurum,
779 4152 888 4216 quassu
904 4137 1003 4217 indicio
1053 4141 1138 4208 ipsam
1153 4139 1302 4203 continens,
1320 4139 1348 4192 id
1362 4146 1404 4194 est
1421 4141 1493 4207 quod
1508 4140 1579 4220 inter
1592 4140 1729 4196 adiutores
1742 4142 1767 4196 ei
1780 4154 1842 4218 qne!

191 4203 234 4258 tui
257 4204 380 4285 culminis
402 4212 592 4285 amempratrs
616 4220 739 4284 personis
761 4204 885 4284 praeberi
907 4209 1002 4258 emtur-
1053 4223 1102 4288 pro
1121 4222 1150 4287 se
1168 4207 1325 4288 subrogat¹⁰
1340 4222 1443 4288 merere
1459 4218 1690 4289 permissum‘est:
1709 4206 1842 4264 ordinandis

190 4270 837 4406 illisit}bbl‘lllblttlbtl
851 4271 1004 4394 betti
1053 4274 1474 4410 litbbtbttbitlb
1492 4283 1841 4409 stannum

192 4407 331 4461 curatione
345 4407 388 4462 rel
400 4407 462 4462 novi
475 4407 564 4476 operis
580 4406 747 4461 nuntiatione
764 4406 838 4461 litem
852 4420 898 4460 eos
911 4407 1004 4462 subire
1053 4409 1193 4463 matricula
1209 4409 1336 4464 inferiore
1353 4411 1413 4465 loco
1430 4411 1475 4474 sit,
1492 4410 1539 4478 qui
1556 4411 1632 4479 prior
1647 4412 1677 4467 in
1693 4409 1840 4467 adsueta

191 4475 343 4543 contigerit,
362 4475 390 4529 in
405 4476 504 4530 maiore
517 4475 622 4544 quidem
638 4475 735 4529 iudicio
751 4474 786 4528 sd
803 4473 1003 4528 similitudinem
1053 4477 1157 4541 meruit,
1176 4476 1282 4531 adiutor
1299 4476 1405 4546 quidem
1421 4477 1555 4533 habeatur
1571 4480 1704 4547 superior,
1721 4476 1841 4533 menard·

191 4543 499 4679 illpiiiitpiuliii
516 4542 807 4678 tillulbtbt
822 4541 1001 4664 blattis
1052 4544 1405 4681 ildebaldum
1420 4541 1840 4684 unbilaistidai

191 4677 355 4744 praelectum
378 4693 503 4733 annonae
524 4692 573 4730 seu
596 4677 656 4731 fisci
683 4684 828 4747 patronum
851 4677 1002 4732 urbicariae
1051 4680 1103 4734 bus
1121 4678 1216 4734 ciliciis
1234 4680 1371 4734 observari
1387 4679 1560 4748 dignoscitur.

190 4745 347 4812 magnificae
376 4746 563 4814 praefecturae
589 4743 631 4796 vel
657 4745 819 4800 architectos
845 4761 895 4813 pro
919 4745 1000 4799 modo
1086 4745 1126 4803 14
1143 4745 1220 4802 Idan
1242 4749 1274 4802 Α.
1300 4747 1415 4802 Totiauo
1438 4747 1571 4829 maqistro
1597 4749 1759 4828 officiorum.
1794 4744 1838 4799 bre

190 4827 289 4878 eornm,
308 4827 376 4882 quae
394 4827 476 4881 super
491 4810 599 4864 arbitris
616 4813 644 4864 et
660 4811 752 4865 litibus
770 4812 842 4881 apud
860 4828 905 4867 eos
923 4828 1000 4866 exer·
1050 4814 1108 4881 lege
1125 4814 1268 4879 sancimus,
1287 4816 1310 4869 si
1325 4815 1431 4884 quando
1447 4815 1583 4870 sdrutores
1599 4817 1649 4870 uri
1663 4815 1788 4885 magnifici
1799 4824 1837 4881 pst

190 4880 281 4934 cendis
299 4880 421 4948 superius
436 4882 540 4932 statuta
555 4884 626 4941 sunt,
645 4877 777 4932 solventes
793 4880 1000 4948 expensusnihil
1050 4886 1169 4951 tempore
1187 4883 1336 4961 quaestoris
1355 4883 1426 4936 sacri
1443 4883 1528 4937 nostm
1569 4883 1646 4938 alutii
1663 4884 1690 4938 in
1707 4880 1836 4938 accusatio·

190 4950 204 4998 2
232 4947 347 5016 amplius
366 4961 382 4999 a
400 4959 512 5000 noscere
530 4959 578 4998 seu
596 4943 745 5011 dependere
762 4952 900 5014 cogantur.
925 4948 1000 5015 Quae
1050 4964 1111 5004 uem
1136 4948 1219 5003 civilis
1247 4963 1345 5003 musae
1371 4950 1412 5003 vel
1440 4900 1584 5005 crimiuasss
1611 4951 1719 5006 deducti
1747 4947 1836 5004 luerint

190 5015 279 5067 omnia
303 5021 379 5068 custo
401 5012 432 5065 ‘ri
449 5012 583 5076 iubemus,
607 5011 662 5065 sive
684 5028 734 5081 per
750 5029 780 5069 se
797 5014 853 5069 sive
870 5028 919 5083 per
936 5031 999 5083 pro·
1050 5017 1173 5071 strictum
1190 5016 1257 5071 iuris
1281 5024 1308 5070 et
1330 5017 1477 5085 integritati
1495 5033 1642 5087 congmum
1660 5020 1771 5074 ordinem
1786 5029 1835 5069 con·

189 5088 328 5135 curatores
353 5085 403 5134 aut
428 5079 582 5134 defensores
611 5078 671 5133 lites
698 5096 822 5135 exercere
847 5082 998 5136 maluerint.
1049 5083 1157 5150 seruari,
1175 5090 1213 5149 ut,
1231 5084 1254 5138 si
1268 5084 1355 5139 sine¹¹
1373 5084 1480 5155 scriptis
1496 5086 1674 5142 conveniendi
1683 5087 1742 5148 sint,
1758 5096 1835 5157 nones

189 5154 205 5201 :l
231 5147 307 5214 baec,
325 5146 348 5201 si
365 5146 471 5215 prolata
488 5146 595 5214 scriptis
613 5149 746 5203 sententia
763 5149 857 5204 moniti
874 5155 945 5204 sunt.
970 5149 999 5204 Si
1050 5150 1107 5205 eius
1125 5152 1312 5220 praecipientis
1330 5167 1377 5207 ore
1402 5152 1567 5220 designatum
1586 5168 1647 5208 esse
1669 5152 1788 5208 sufficiat:
1802 5164 1833 5202 nn

187 5230 251 5269 sero
269 5230 302 5268 ex
320 5213 486 5334 depositione
503 5228 552 5268 seu
569 5214 647 5270 aliter
664 5216 724 5282 quis
741 5231 834 5270 eorum
852 5224 998 5271 conventus
1050 5226 1141 5273 autem
1157 5219 1266 5288 scriptis
1287 5220 1315 5274 in
1338 5220 1532 5289 querimoniam
1550 5238 1620 5276 unus
1643 5222 1783 5276 adiutorem
1797 5218 1834 5270 snt

188 5281 283 5347 luerit,
301 5281 347 5335 nib
385 5296 446 5335 eum
463 5281 504 5335 sel
520 5281 618 5337 scrinio
637 5283 686 5336 viri
710 5283 850 5338 clarissimi
867 5283 998 5341 adiutoria
1048 5286 1140 5355 plures
1156 5287 1228 5343 forte
1242 5286 1346 5342 ierendi
1358 5288 1420 5350 sint,
1439 5294 1611 5343 monumenta
1624 5284 1833 5345 sanunmmniu

187 5349 230 5403 sel
247 5347 357 5403 cuilibet
373 5348 420 5402 alii
436 5349 542 5405 nomine
559 5350 739 5419 sportularum
752 5352 850 5407 offerre
865 5352 998 5421 compelli.
1049 5368 1166 5423 persons
1191 5355 1374 5410 tantummodo
1399 5355 1574 5411 conveniendi
1596 5356 1723 5412 adintona
1743 5362 1831 5426 praece

145 5562 147 5567 ,
187 5520 217 5582 (1)
240 5520 277 5570 sie
299 5514 387 5577 KOP,
411 5521 478 5586 qnod
497 5522 609 5573 videntur
631 5524 695 5575 tucri
714 5523 742 5574 B
764 5518 994 5593 (καταληφθῶσι),
1046 5525 1080 5587 (ὓ)
1098 5524 1265 5590 praecipimus
1287 5525 1327 5577 uel
1347 5516 1425 5578 uuile
1448 5527 1510 5593 quid
1530 5527 1684 5579 desideratur
1745 5524 1775 5586 (t)
1793 5534 1829 5570 sn

187 5589 344 5653 aucupentur
360 5588 390 5640 Ι·
458 5589 492 5653 (ι)
507 5607 528 5639 c.
546 5593 560 5641 ‘l
580 5590 603 5642 Ιι.
623 5600 640 5641 t.
708 5590 742 5655 (a)
760 5591 883 5658 iungenda
900 5594 995 5644 uidetur
1045 5602 1112 5645 extet
1145 5593 1290 5658 (siquidem
1302 5591 1523 5658 O·‚pridemKO'
1555 5588 1828 5659 (otputqnemltrst

190 5656 229 5719 ll,
247 5665 314 5721 ²⁰13
383 5657 418 5722 (l)
434 5657 472 5708 its
488 5656 529 5722 K,
552 5657 595 5708 sed
617 5657 697 5710 ltro
764 5659 799 5724 (5)
816 5661 918 5711 manle
936 5662 993 5714 dett.
1045 5661 1154 5725 quanto
1188 5661 1234 5726 (to)
1250 5660 1388 5725 subrogant
1405 5661 1537 5715 Mommsen
1578 5664 1623 5730 (ιι)
1638 5664 1691 5713 sine
1705 5660 1739 5724 K,
1754 5652 1827 5709 noso
