3802 6196
35 296 74 345 nr
91 290 194 358 soum,
214 290 309 352 ouem
330 291 459 343 manans
821 264 893 343 ,289
1287 262 1291 267 ’
1513 276 1558 342 VI
1579 280 1630 343 60.
1652 280 1690 343 tt

34 460 87 517 iliis
102 458 273 515 comtitntum
289 460 342 526 est,
365 458 532 583 praeminm¹
554 457 772 514 manumbsionis
785 473 831 514 ac·
882 457 996 525 coniuge
1022 457 1064 512 vel
1089 472 1159 527 quae
1183 458 1280 513 meruit
1305 463 1470 525 reservetur,
1502 469 1614 529 parente
1643 476 1694 530 pro

242 541 278 581 ι
296 526 832 664 innuente
882 525 1561 651 verum
1576 528 1695 653 ιιι

32 638 130 727 ιιιιιιιι’,’
147 678 179 717 ex
201 601 362 730 partem
383 663 413 721 in
433 666 568 732 potestate
585 611 831 720 manentiumpreu·
881 661 1028 730 praemium
1045 610 1241 718 habitatan.
1255 610 1437 719 expiatae-au
1456 664 1546 720 Felice
1560 672 1588 720 ct
1602 638 1694 720 Taurei

32 738 45 785 t
73 738 131 785 neat
144 746 221 785 usum
233 729 363 786 finctum.
390 730 633 799 Quodsinepotes
642 731 697 785 sint
706 736 833 802 neptesve
883 745 971 783 conss.
1580 738 1615 798 [a.
1632 737 1694 797 428]

31 806 71 853 aut
85 814 116 853 ex
132 798 303 867 emancipato
321 798 377 854 tilio
394 805 443 852 aut
459 813 493 853 ex
510 797 566 852 fllia
579 799 720 921 procreati
734 804 783 853 ant
796 798 832 852 ab
917 793 935 854 3
957 795 1055 851 ¹¹Idem
1072 798 1128 851 ΛΑ.
1147 796 1290 853 Florentio
1309 816 1358 869 pp.
1399 798 1476 867 Quod
1499 799 1574 855 scitis
1597 800 1694 869 priori·

30 868 81 935 ipso
104 867 162 920 avia
185 866 294 921 meante
321 867 405 921 emma
428 866 545 932 dimissi,
567 866 638 920 iem
660 882 726 922 arus
748 865 832 920 virilis
882 865 934 920 bus
952 864 1106 919 continetur
1122 881 1173 920 nec
1197 865 1288 920 afilia
1304 881 1375 935 quae
1391 867 1420 920 in
1437 870 1571 935 potestate
1588 875 1629 923 est
1645 868 1694 924 do·

31 951 82 988 cum
101 934 165 1004 ipsis
187 933 325 1002 partionis
346 934 447 990 babeat
468 949 547 990 usum
565 934 693 989 fructum.
729 933 832 989 sivero
883 932 1020 988 sadonem
1039 938 1104 987 ante
1126 934 1236 1002 nuptias
1257 935 1328 1003 patri
1351 950 1401 989 nec
1425 950 1442 987 a
1464 935 1519 989 filio
1541 935 1630 990 dotem
1646 935 1696 990 ad·

30 1018 57 1055 ex
72 1002 210 1071 nepotibus
228 1002 392 1071 neptibusve
409 1008 537 1071 tempore,
560 1017 614 1071 quo
631 1003 660 1057 in
677 1001 753 1058 avias
770 1016 831 1057 suo
882 1000 966 1068 quiri,
999 1015 1031 1056 eo
1058 1000 1151 1056 addite
1177 1001 1379 1067 confirmamus,
1413 1008 1455 1069 ut,
1489 1002 1622 1058 defunctis
1652 1004 1695 1059 his

30 1070 161 1124 oemmnem
183 1074 335 1135 vocantur,
359 1070 405 1124 alii
426 1070 455 1124 in
478 1070 520 1124 avi
544 1073 609 1126 sunt
631 1074 779 1139 potestate,
804 1068 832 1123 id
882 1067 971 1122 adhuc
989 1068 1018 1123 in
1034 1074 1170 1137 potestate
1186 1069 1286 1137 patris,
1309 1070 1333 1125 si
1355 1070 1447 1126 liberis
1466 1072 1621 1127 extantibus
1637 1088 1695 1126 mo·

28 1144 64 1190 eet
78 1137 162 1190 mariti
180 1136 338 1204 defunctae,
356 1138 401 1191 alii
418 1138 461 1192 sui
477 1137 545 1192 iuris
562 1138 624 1203 sint,
649 1138 722 1193 circa
738 1151 832 1207 porso-
882 1136 1001 1201 riantur,
1025 1137 1060 1190 ad
1083 1137 1183 1192 liberos
1205 1152 1298 1192 eorum
1319 1137 1427 1192 eaedem
1450 1154 1494 1193 res
1513 1138 1573 1193 inre
1590 1137 1695 1193 heredi·

28 1219 81 1257 nam
102 1204 206 1274 quidem
230 1221 336 1270 eorum,
360 1205 406 1275 qui
427 1206 456 1259 in
475 1211 610 1274 potestate
627 1207 787 1269 commutant,
805 1209 833 1259 et
882 1204 962 1268 tatis,
985 1217 1042 1259 non
1060 1204 1096 1259 ad
1113 1211 1205 1274 patres
1221 1205 1280 1260 iure
1297 1206 1395 1274 peculii
1412 1206 1629 1262 transmittantur
1646 1222 1697 1263 nae

28 1272 52 1326 iu
79 1289 127 1354 usp
140 1272 250 1373 ³iruetu
285 1273 474 1354 consequendo
506 1279 534 1328 ct
557 1273 586 1328 in
612 1272 832 1355 emancipationis
885 1278 895 1325 t
933 1287 983 1340 per
999 1275 1112 1341 nepotes
1127 1288 1177 1327 avo
1190 1273 1313 1356 videlicet
1328 1274 1518 1343 adquirendae.
1546 1274 1592 1328 Sin
1606 1278 1697 1330 autem

27 1340 833 1488 tmereltttititttt”attractata
882 1338 960 1462 tlt
976 1354 1060 1462 att
1077 1341 1696 1491 leitilai?,illitteratis

28 1474 161 1530 structus
188 1476 194 1489 '
231 1492 256 1530 rs
270 1480 343 1530 mter
356 1492 402 1531 eos
415 1477 702 1546 portionishabeatur.
730 1476 834 1531 Eadem
884 1491 971 1542 mum,
998 1490 1067 1544 quae
1092 1476 1127 1531 ad
1151 1493 1240 1545 rpsum
1262 1493 1295 1531 ex
1318 1483 1404 1531 matre
1422 1478 1462 1531 vel
1487 1478 1602 1533 abelus
1624 1478 1697 1534 buca

28 1550 105 1596 auum
122 1543 200 1599 etde
217 1544 416 1613 pronepotibus
433 1560 514 1600 sexus
531 1546 672 1615 utriusque
689 1544 833 1624 rotselmus,
882 1550 1075 1623 pervenerunt,
1102 1558 1157 1599 non
1183 1544 1218 1599 ud
1243 1561 1337 1625 avpm,
1366 1545 1414 1599 sed
1439 1545 1475 1599 ad
1507 1552 1613 1649 patrem
1638 1547 1696 1626 sius

28 1614 138 1665 manente
164 1611 339 1679 definitione,
366 1627 436 1682 quae
462 1613 495 1667 de
521 1612 562 1667 sin
599 1613 633 1667 iis
656 1619 761 1668 saucrte
783 1615 833 1678 est,
883 1617 1037 1679 pervemat:
1064 1612 1232 1667 usufructu
1258 1613 1382 1667 vrdehcct
1408 1620 1436 1667 et
1461 1614 1505 1668 ἰιι1
1545 1614 1698 1670 huiusmodi

28 1678 110 1732 vidlti
131 1679 184 1733 sint
228 1680 315 1735 ariter
336 1694 369 1735 ac
392 1685 512 1751 nepotes.
585 1723 591 1736 .
620 1695 678 1735 vm
701 1679 737 1735 id.
764 1680 832 1736 Nou.
884 1679 992 1734 casibus
1014 1694 1079 1747 avo,
1102 1679 1165 1734 dum
1188 1681 1333 1749 supererit,
1357 1681 1497 1736 servando.
1538 1681 1571 1737 Ι).
1595 1697 1638 1737 ιιι
1659 1683 1696 1737 id.

28 1743 160 1802 Rectum
243 1747 343 1803 edesio
369 1761 419 1803 ιιι
441 1756 469 1803 ct
500 1747 692 1804 Valentiniano
720 1762 748 1804 11
772 1749 832 1870 pig
884 1745 958 1819 Sept.
983 1746 1221 1820 Cerastautinopoli
1246 1747 1398 1804 Theodosio
1421 1752 1453 1803 Α.
1473 1762 1544 1804 xvrr
1564 1762 1593 1805 cr
1615 1750 1697 1872 Ιῖἕὲο

29 1829 104 1867 conss.
748 1859 753 1870 .
884 1829 971 1868 conss.
1589 1835 1613 1871 a.

56 1879 156 1954 ilmp.
177 1881 236 1937 leo
255 1885 289 1938 A.
310 1882 451 1939 Callicrati
462 1900 513 1955 pp.
527 1901 583 1956 per
592 1821 746 1955 Illyricurlt‘i
770 1819 833 1938 cml
919 1880 938 1938 4
965 1881 1076 1955 “impp
1101 1881 1157 1938 Leo
1181 1889 1209 1938 ct
1228 1883 1389 1938 Antltemiue
1409 1886 1465 1939 Ae.
1493 1823 1628 1956 Erptllvv'c
1648 1822 1696 1957 ppI.

29 1964 79 2001 nem
103 1950 289 2018 ambiguitatis
316 1951 501 2006 confusionem
527 1956 698 2020 amputantes
723 1952 776 2006 hac
802 1950 833 2004 li·
884 1948 1075 2019 Quaecumque
1098 1966 1142 2005 res
1164 1951 1199 2005 ad
1222 1951 1305 2005 filium
1329 1951 1370 2005 vel
1393 1952 1483 2019 filiam,
1507 1959 1618 2022 nepotes
1641 1954 1698 2008 sive

29 2016 99 2135 paida
127 2022 155 2072 et
184 2019 381 2088 compendiosa
412 2020 470 2087 lege
495 2020 629 2074 sancimus
656 2020 729 2075 circe
755 2034 835 2074 usum
883 2022 1048 2098 pronepotes
1072 2019 1211 2087 utriusque
1235 2035 1314 2074 sexus
1337 2020 1366 2073 in
1382 2025 1516 2089 potestate
1534 2021 1696 2076 constitutos

39 2089 132 2139 ructum
149 2092 337 2142 maternarum
354 2102 445 2141 rerum
460 2086 561 2142 unllam
575 2101 634 2142 esse
650 2087 847 2152 differentiam,
885 2100 919 2139 ex
935 2101 1025 2154 prrore
1042 2086 1084 2141 vel
1102 2087 1221 2141 secundo
1240 2093 1288 2140 aut
1304 2088 1382 2143 tertio
1401 2104 1449 2142 seu
1467 2088 1589 2156 coniugio
1605 2104 1697 2143 nume·

30 2152 76 2205 sive
91 2153 224 2222 inpriore
240 2154 413 2210 matrimonio
426 2158 514 2223 pater,
534 2170 566 2209 ex
581 2172 634 2235 quo
648 2155 717 2212 filios
730 2155 834 2221 habuit,
884 2153 988 2210 rosiore
1005 2155 1175 2223 pervenerint
1188 2170 1221 2208 ex
1237 2155 1300 2209 dote
1312 2156 1354 2209 vel
1371 2172 1538 2224 quacumque
1552 2156 1697 2211 donatione

126 2236 171 2276 ere
188 2222 311 2277 voluerit
328 2223 382 2276 sive
398 2237 540 2277 novercam
556 2223 616 2277 lilrrs
632 2222 833 2294 superduxerit:
885 2236 934 2276 seu
950 2221 1100 2278 hereditate
1117 2224 1205 2292 legato
1215 2225 1236 2256 ¹⁶
1253 2223 1295 2277 vel
1312 2223 1526 2289 fideicommissa,
1545 2238 1638 2278 earum
1651 2240 1697 2279 us·

39 2287 129 2354 agabus,
155 2305 228 2367 quae
256 2290 292 2344 de
312 2291 441 2345 maternis
463 2291 541 2345 bonis
564 2292 636 2345 latae
659 2296 734 2358 sunt,
758 2304 835 2346 suam
885 2305 936 2358 que
953 2289 981 2343 in
998 2289 1069 2345 diem
1086 2291 1157 2344 ritae
1174 2306 1239 2345 suae
1256 2294 1334 2360 pater
1348 2293 1389 2345 vel
1407 2307 1472 2346 avus
1489 2292 1563 2346 ιε]ιο
1580 2308 1697 2361 proavus

32 2359 41 2404 t
71 2354 230 2413 habentibus
249 2358 413 2413 firmitatem.
454 2358 550 2413 Patres
567 2359 649 2428 igitur
665 2375 743 2414 usum
761 2358 834 2412 iruc·
885 2358 1094 2413 usumfructum
1108 2358 1240 2413 habeant:
1259 2359 1366 2413 easdem
1380 2375 1423 2414 res
1439 2360 1697 2429 quocumquemodo

31 2423 78 2474 turn
93 2428 277 2480 maternarum
294 2441 392 2489 rerum,
410 2426 514 2481 etiamsi
532 2426 566 2481 ad
586 2426 718 2482 secundas
737 2426 833 2495 migra·
884 2425 1017 2480 alienandi
1035 2427 1076 2481 vel
1094 2426 1213 2495 pignoris
1231 2441 1280 2482 seu
1297 2428 1315 2481 h
1332 2427 1466 2508 pothecae
1485 2428 1544 2483 iure
1562 2428 1699 2496 obligandi

30 2490 105 2543 verint
128 2493 253 2572 nuptias,
282 2495 340 2549 sine
362 2494 446 2548 dubio
468 2495 568 2548 habere
590 2494 757 2550 debebunt⁴:
784 2509 834 2548 nec
884 2492 1015 2548 insultate
1041 2494 1212 2574 eis-penitus
1241 2445 1399 2575 interirem,
1431 2495 1548 2551 dominio
1574 2496 1699 2551 videlicet

31 2555 101 2611 ullam
117 2558 178 2614 utus
196 2561 240 2616 vel
259 2562 424 2631 quibuslibet
444 2576 478 2616 ex
495 2576 614 2630 persona
630 2576 723 2617 eorum
740 2565 835 2618 contm
884 2576 978 2616 earum
1001 2562 1037 2616 ad
1057 2562 1127 2617 tibus
1149 2567 1178 2618 et
1199 2568 1310 2633 nepotes
1334 2579 1390 2618 stne
1411 2569 1574 2634 pronepotes
1597 2564 1699 2619 utrius·

32 2629 110 2690 patres
124 2628 158 2681 im
179 2631 279 2685 robam
293 2646 384 2685 vocem
398 2630 651 2699 accusationemque
665 2645 746 2700 posse
761 2644 834 2684 com·
885 2644 937 2699 que
960 2644 1042 2684 sexus
1066 2633 1240 2699 permanente
1250 2632 1279 2698 ¹⁷,
1305 2630 1410 2685 etiamsi
1433 2648 1466 2686 ex
1490 2632 1584 2686 eodem
1606 2631 1698 2686 matri·

31 2696 117 2758 petere.
152 2644 186 2752 B.
205 2697 233 2753 lc.
253 2697 329 2771 Sept.
348 2698 492 2754 Anthemio
510 2699 542 2753 A.
562 2712 589 2753 11
606 2714 679 2754 cons.
721 2704 755 2765 [c.
774 2701 834 2762 468]
884 2698 974 2751 monio
998 2698 1134 2766 procreati
1157 2713 1213 2781 nep
1236 2698 1305 2765 sint,
1332 2714 1365 2780 ex
1389 2716 1442 2767 quo
1465 2699 1576 2754 caedem
1597 2716 1641 2754 res
1664 2698 1700 2754 ad

885 2770 1378 2913 lfflilnlililteqmnluiiiill
1396 2771 1625 2915 liiiivtiifulssnii
1639 2767 1698 2891 {li

885 2901 1010 2955 nendum
1036 2902 1151 2955 fratrum
1171 2917 1327 2958 sororumve
1348 2902 1501 2984 portiones,
1529 2920 1573 2971 qur
1598 2918 1699 2972 quaeve

384 2972 473 3034 LXI!
886 2984 920 3023 ex
937 2968 1031 3024 eodem
1053 2969 1221 3025 matrimonio
1245 2970 1378 3038 progemti
1394 2971 1436 3025 vel
1453 2971 1609 3040 progenitae
1627 2976 1698 3035 sunt,

35 3063 834 3191 ppppqppqppppqucqq
885 3052 976 3159 aar
1013 3036 1105 3169 ιιι(
1123 3037 1586 3161 tristissumum
1599 3045 1699 3175 ιιι

60 3201 260 3271 omnm
278 3208 323 3258 ιι
885 3172 1699 3309 cadmia

63 3298 76 3356 l
100 3302 198 3377 ‘impp
233 3306 454 3379 lltcoclosiuslct
484 3305 692 3362 Valentinianae
713 3307 770 3362 ΑΛ.
798 3306 836 3360 ad
886 3312 902 3362 2
937 3310 992 3363 sive
1014 3309 1151 3363 sororibus
1174 3326 1243 3364 unus
1262 3326 1349 3363 unave
1366 3310 1531 3364 remanserit.
1568 3309 1699 3365 Omnibus

36 3376 149 3445 feneam.
186 3374 257 3429 Cum
278 3375 447 3430 venerandae
469 3374 541 3443 leges
558 3375 691 3431 vetuerint
712 3374 834 3454 patribus
886 3381 984 3442 autem,
1003 3377 1050 3446 qui
1067 3391 1100 3431 ex
1117 3376 1211 3431 eodem
1229 3377 1351 3446 coniugio
1369 3376 1471 3431 inerint
1487 3378 1634 3457 procreati,
1653 3378 1698 3433 de·

35 3449 83 3514 lurp
106 3443 248 3507 potestatis
275 3442 392 3524 adquiri,
419 3442 548 3512 quidquid
570 3458 663 3498 eorum
683 3443 746 3498 dhis
769 3458 834 3497 avus
885 3444 987 3499 iunctis
1004 3449 1070 3499 tunc
1087 3445 1193 3499 demum
1211 3445 1245 3500 ad
1262 3460 1321 3512 eos,
1346 3445 1392 3526 qui
1408 3462 1442 3499 ex
1459 3446 1512 3500 abo
1530 3445 1699 3501 matrimonio

37 3515 86 3556 tua
100 3522 212 3588 proavus
233 3525 344 3579 proavis
361 3525 378 3589 a
394 3510 465 3565 bnea
480 3517 602 3565 materna
616 3511 751 3566 venientes
769 3526 835 3591 quo·
886 3517 950 3568 sunt
967 3511 1040 3575 editi,
1057 3512 1165 3567 easdem
1182 3526 1225 3567 res
1242 3528 1292 3581 pro
1309 3512 1379 3567 virrli
1401 3517 1479 3582 parte
1496 3513 1586 3593 sepire
1603 3514 1698 3594 statui·

38 3579 245 3715 lateret?
266 3579 836 3715 {tillttt„itirttttttltl
886 3581 1063 3717 auertite
1082 3586 1174 3702 tlt
1192 3596 1239 3702 tt
1252 3587 1408 3717 libitis
1429 3588 1700 3714 castellati

39 3712 114 3774 ttptto
129 3714 170 3766 vel
193 3714 309 3769 maritus
333 3714 411 3768 uxori
433 3715 461 3768 in
483 3718 619 3783 potestate
640 3714 745 3783 positae
768 3730 834 3783 quo·
886 3732 1000 3784 quorum
1018 3715 1068 3770 sub
1086 3718 1222 3785 potestate
1240 3722 1310 3781 sunt,
1329 3715 1542 3770 usumfructum
1560 3716 1700 3771 dumtaxat

39 3785 135 3845 tumque
155 3781 237 3837 titulo
260 3782 302 3837 vel
325 3782 383 3837 inre
408 3782 553 3837 contulerit
576 3797 625 3838 seu
648 3782 834 3847 transmiserit.
885 3783 1020 3840 habituris
1045 3790 1206 3838 memoratas
1238 3798 1282 3837 res
1311 3782 1370 3838 iure
1395 3784 1538 3852 potestatis
1564 3785 1700 3839 alienandi
1785 3779 1788 3786 '

38 3838 80 3894 hoc
95 3848 161 3914 patri
177 3850 334 3905 nullatenus
351 3849 524 3918 adquiratur:
546 3853 628 3972 stopa
651 3849 711 3905 ideo
731 3851 760 3905 in
778 3851 835 3905 eius
886 3852 927 3906 vel
945 3851 1082 3932 obligandi
1099 3851 1234 3905 licentiam
1252 3850 1427 3930 denegamus,
1451 3866 1505 3906 non
1525 3852 1699 3919 prohibendis

40 3912 141 3978 tantum,
163 3918 210 3972 cui
228 3918 347 3973 delatum
366 3923 420 3983 est,
438 3918 498 3973 lure
515 3918 584 3972 dura
603 3919 632 3971 it.
668 3916 701 3972 1).
725 3932 782 3972 v111
797 3917 833 3972 id.
885 3919 971 3974 isdem
995 3918 1101 3983 liberis,
1134 3918 1294 3988 quandoque
1325 3935 1367 3972 stu
1393 3918 1459 3972 iuris
1485 3919 1598 3983 inerint,
1625 3920 1699 3974 nulla

41 3973 96 4031 lieu
117 3981 265 4041 &amotae
289 3984 441 4041 Theodosio
465 3999 516 4040 ιιι
537 3992 564 4041 ct
591 3985 784 4041 Valentiniano
810 4000 837 4040 ιι
885 3987 1026 4056 temporali
1047 3986 1264 4068 praescriptione
1288 3987 1435 4040 obsistente
1457 3986 1563 4040 easdem
1580 4001 1624 4042 res
1642 4003 1698 4041 om·

41 4046 85 4098 Ad.
101 4064 183 4108 conss.
721 4059 755 4118 [a.
775 4058 834 4118 itt]
886 4056 965 4110 nibus
984 4053 1070 4109 modis
1085 4054 1228 4118 vindicare,
1247 4053 1299 4108 nisi
1313 4054 1392 4119 forte,
1407 4060 1549 4123 postquam
1564 4061 1699 4123 potestate
1716 4071 1728 4127 J

68 4109 90 4194 l·
108 4117 191 4175 'Idem
219 4121 275 4177 ΛΑ.
304 4121 401 4175 literio
423 4138 473 4192 pp.
519 4121 724 4177 Constitutionls
750 4136 835 4177 novae
885 4123 1038 4191 parentium
1059 4136 1106 4177 sos
1130 4122 1273 4189 contigerit
1295 4120 1418 4185 liberari,
1442 4125 1548 4176 tentum
1570 4120 1716 4192 temporia‘

42 4184 170 4248 capitulum
183 4189 299 4246 clariore
314 4189 535 4259 interpretatione
550 4190 696 4256 sancimus,
711 4193 750 4253 ut,
766 4204 835 4258 quac
886 4190 1033 4256 effluxerit,
1065 4193 1097 4245 ut
1128 4205 1161 4244 ex
1191 4189 1319 4245 continua
1343 4192 1371 4243 et
1396 4188 1558 4245 inconcussa
1583 4190 1699 4246 terentii

42 4260 80 4311 itt
100 4253 164 4311 tilios
186 4261 300 4327 nepotas
322 4261 485 4326 pronepotes
507 4257 624 4327 itemque
646 4258 715 4313 illias
741 4261 835 4327 neptes
905 4258 1056 4314 osscssione
1071 4272 1165 4312 eorum
1179 4256 1338 4312 excludatur
1350 4257 1472 4312 intentio
1499 4256 1533 4312 D.
1549 4257 1604 4313 vlt.
1614 4257 1698 4314 Mart.

43 4327 176 4431 gwntptes,
193 4324 315 4395 quamvis
332 4325 361 4379 in
377 4331 513 4394 potestate
530 4325 592 4391 sint,
610 4325 717 4381 minime
731 4323 835 4405 adquiri
917 4327 1032 4380 urciano
1051 4341 1124 4380 cous.
1594 4344 1620 4381 a.
1638 4331 1698 4391 sta]

57 4388 188 4449 mrerimus
216 4409 233 4449 a
259 4393 354 4448 marito
381 4394 423 4448 vel
449 4408 533 4448 uxore
563 4409 732 4462 quocumque
757 4395 835 4448 trtulo
920 4391 1036 4450 bidem
1053 4394 1109 4447 ΑΛ.
1129 4392 1231 4463 Nepoti
1248 4392 1380 4463 magistro
1404 4392 1518 4447 militam
1534 4392 1561 4448 D
1590 4395 1698 4448 modae.

44 4451 126 4525 pollata
146 4460 200 4517 sive
224 4461 316 4516 ultima
338 4461 476 4519 voluntate
498 4461 670 4529 transmissa,
694 4461 783 4516 nudus
801 4458 836 4513 ad
885 4461 948 4516 Non
974 4460 1033 4515 sine
1058 4461 1165 4515 ratione
1190 4459 1224 4514 de
1249 4461 1370 4528 negotio,
1397 4459 1468 4528 quod
1494 4461 1563 4514 inter
1586 4465 1699 4516 matrem

44 4516 66 4569 ld
80 4533 193 4594 quoque·
207 4529 342 4598 pertinere
356 4527 497 4595 existimet,
516 4529 588 4610 quod
600 4528 636 4585 ab
649 4530 708 4598 ipso
724 4531 835 4598 parente
885 4528 1013 4592 familias,
1038 4529 1114 4583 cuius
1133 4531 1221 4583 vesus
1239 4529 1375 4595 suggestio
1392 4527 1523 4592 meminit,
1546 4534 1574 4582 et
1595 4545 1699 4596 germa-

44 4581 119 4644 datum
135 4599 173 4651 vel
196 4605 260 4652 ante
283 4596 410 4665 nuptias⁹
433 4595 585 4652 donabonis
609 4612 692 4653 causa
714 4613 763 4667 pro
781 4612 836 4650 una
885 4612 949 4652 num
976 4596 1033 4651 eius
1059 4596 1185 4660 vertitur,
1211 4611 1237 4649 m
1292 4594 1366 4650 'tudo
1388 4602 1437 4649 tua
1459 4595 1572 4651 diversis
1594 4596 1699 4663 legibus

45 4665 71 4705 tx
85 4665 228 4719 memoratis
246 4664 368 4735 personis
386 4664 545 4744 praestitum
563 4663 663 4731 iuerat,
682 4668 712 4719 ut
728 4664 835 4718 minime
886 4681 921 4720 ex
937 4669 1053 4733 utraque
1070 4667 1148 4732 parte
1166 4664 1244 4732 prola
1296 4670 1416 4717 noemam
1433 4663 1698 4719 crediditcnnsulen-

46 4719 73 4773 id
86 4738 147 4792 tum,
169 4733 192 4788 si
217 4748 298 4787 casus
315 4731 419 4793 tutent.
442 4736 592 4787 revertatur
609 4731 835 4802 (prospiciendum
886 4733 947 4787 dam
962 4747 1022 4786 esse
1033 4730 1208 4797 clementiam,
1224 4747 1286 4785 cum
1297 4731 1394 4785 mulier
1408 4730 1520 4786 diversis
1530 4731 1597 4787 iuris
1606 4732 1706 4795 lectio,

46 4794 79 4864 (ὅ)
92 4797 167 4865 enim,
189 4816 224 4855 ne
246 4800 299 4854 hac
321 4799 420 4855 iniecta
441 4800 583 4855 formidine
602 4807 745 4869 parentum
763 4800 836 4854 circa
886 4801 965 4856 nibus
983 4799 1052 4854 idem
1063 4802 1083 4835 ¹⁸
1099 4798 1218 4866 intellegi
1234 4799 1360 4852 maritum
1380 4804 1408 4853 et
1424 4814 1553 4867 sponsum
1571 4800 1700 4854 niteretur

46 4851 128 4940 llberos
143 4866 324 4924 munificentia
341 4867 514 4933 retardatum:
538 4867 585 4923 sod
607 4867 697 4922 uthis
715 4871 834 4937 potesta·
886 4869 1011 4939 probare,
1029 4881 1172 4946 germanus
1188 4866 1276 4920 mariti
1289 4882 1387 4921 nomen
1401 4866 1439 4920 illi
1452 4866 1511 4933 soli,
1529 4867 1576 4936 qui
1591 4869 1699 4936 nuptias

48 4924 75 4976 ‘¹⁸
92 4944 142 4988 ture
162 4935 198 4990 ad
220 4941 346 5005 parentes
369 4937 482 4991 reversis
504 4941 606 5000 cetera,
631 4950 700 5005 quae
719 4951 753 4991 ex
771 4936 835 4990 sub·
889 4939 1064 4999 contraxere,
1087 4933 1247 4989 recitatione
1270 4933 1469 4989 constitutionis
1488 4935 1609 4989 divarum
1626 4940 1698 4990 retra

48 4994 129 5053 vurta
147 5004 258 5085 speciali
282 5003 404 5071 coniugis
423 5003 458 5058 ad
476 5003 646 5072 superstitem
664 5004 834 5068 devenerunt,
886 5003 1038 5073 principum
1055 5001 1200 5057 Theodosii
1217 5008 1245 5058 et
1262 5002 1442 5057 Valentiniani
1452 5004 1481 5067 ¹⁹,
1505 5017 1559 5071 qua
1581 5008 1699 5061 cavetur.

50 5068 146 5124 tuturis
162 5071 231 5126 rdcm
248 5071 277 5125 in
295 5071 380 5126 sacris
398 5071 446 5137 sit,
470 5071 560 5127 fructu
578 5072 698 5125 tamen¹⁰
718 5071 775 5126 solo
793 5076 834 5124 at-
887 5071 1017 5140 quidquid
1042 5070 1154 5125 maritus
1180 5070 1222 5124 vel
1247 5086 1316 5126 uxor
1342 5069 1370 5123 in
1396 5072 1532 5139 potestate
1558 5071 1699 5126 constituti

50 5138 90 5190 itt
110 5150 154 5194 asu
176 5139 341 5209 parentibus
358 5138 500 5208 deputato,
528 5139 673 5195 dominium
700 5138 726 5194 ei
750 5139 796 5208 qui
818 5154 836 5194 a
886 5139 999 5194 invicem
1021 5139 1073 5196 sibi
1094 5137 1263 5207 reliquerint,
1285 5154 1341 5194 nou
1362 5137 1434 5208 patri
1456 5137 1574 5206 adquiri,
1598 5137 1646 5193 sed
1664 5139 1699 5193 ad

49 5296 74 5373 (Ι)
90 5304 194 5361 trientem
216 5327 263 5377 pro
286 5310 397 5376 praemio
423 5311 467 5362 itt.
542 5312 576 5376 (ι)
596 5308 669 5375 legit.
686 5309 834 5375 praemium]
888 5309 1021 5361 Moramaen
1107 5311 1150 5373 (u)
1172 5307 1392 5375 Constantinopoli
1414 5311 1461 5359 irre.
1481 5309 1544 5376 lepte
1562 5311 1700 5376 iungenduc

50 5364 143 5425 [mentm
163 5379 206 5429 Tlr.
264 5380 298 5443 (t)
314 5378 342 5428 in
360 5377 452 5429 triente
471 5379 515 5431 Ti.
573 5380 608 5442 (1)
625 5377 751 5430 debebunt
769 5389 835 5429 tuen·
886 5379 932 5440 tit)
967 5398 987 5428 r.
1002 5402 1037 5422 =
1052 5376 1116 5429 Nou.
1137 5378 1563 5443 lbeod.14‚v,e:innqet,s,s
1615 5380 1660 5441 (tt)
1675 5380 1701 5428 et

51 5438 80 5481 Ν
96 5441 217 5511 flama),
241 5447 305 5499 delet
321 5447 454 5499 Mommsen
540 5448 575 5509 (e)
594 5446 622 5516 Β
639 5448 680 5508 45,
698 5457 720 5508 ι,
738 5457 751 5498 s
768 5463 835 5511 seqq.
886 5445 915 5495 in
933 5397 990 5498 lia
1008 5464 1060 5496 mm
1078 5446 1132 5495 ΒΣ
1145 5446 1237 5511 (ιιι),
1256 5460 1286 5495 ex
1304 5445 1360 5505 PR,
1378 5447 1409 5494 ut
1425 5444 1496 5495 int*
1563 5445 1610 5510 (ιι)
1628 5447 1700 5513 inape

52 5497 118 5559 l⁸l=
135 5513 175 5565 lt.
191 5516 216 5578 8,
232 5526 302 5579 tat:
322 5517 394 5582 iuupe
411 5516 435 5576 6,
446 5526 481 5578 tt,
491 5526 511 5567 tt
531 5526 554 5566 et
571 5532 633 5580 quae
650 5517 687 5566 idi
703 5514 836 5565 laudantur
887 5516 912 5575 t,
930 5524 952 5577 a,
970 5523 991 5565 a.
1010 5516 1034 5577 6,
1053 5523 1090 5574 tt,
1107 5522 1132 5564 tt
1200 5513 1246 5573 (ta)
1263 5512 1378 5577 legatave
1393 5512 1527 5564 Mommsen
1595 5513 1642 5576 (la)
1660 5513 1700 5563 val

52 5566 192 5645 illivvpet,
210 5594 245 5646 ev,
263 5592 284 5634 ι,
303 5585 327 5646 t,
345 5593 367 5647 a,
387 5592 417 5634 ιι.
442 5586 467 5644 5,
484 5593 505 5644 ι,
524 5593 558 5636 ιι.
584 5584 608 5646 t,
626 5594 657 5645 ιι,
675 5592 696 5633 e.
721 5585 746 5644 t,
764 5591 798 5644 re,
817 5592 835 5633 ι.
887 5583 953 5644 cecc,
971 5599 1016 5632 ou.
1034 5580 1106 5633 PCR
1182 5583 1227 5644 (ιι)
1245 5582 1281 5632 stc
1298 5580 1329 5643 P,
1346 5580 1538 5646 pertinentem
1556 5599 1600 5632 om.
1622 5581 1649 5644 0,
1667 5583 1699 5646 ς(

53 5634 135 5720 initu
186 5653 222 5713 (s)
239 5665 339 5715 quoque
357 5669 401 5702 om.
419 5650 570 5715 ΒΣ(ιι.ιι.)
622 5652 657 5712 (a)
675 5648 760 5700 datum
778 5650 836 5699 ante
886 5660 936 5702 eo
955 5653 968 5708 t
985 5657 998 5701 t
1016 5648 1039 5700 l.
1059 5659 1075 5700 t.
1127 5649 1175 5714 (tt)
1192 5647 1297 5700 eundem
1315 5649 1369 5698 ΒΣ
1382 5650 1416 5713 (ιι.
1426 5648 1466 5710 ιι.)
1518 5651 1564 5713 (ιι)
1582 5667 1603 5701 c.
1622 5660 1631 5700 ι
1647 5650 1698 5700 it.

54 5712 131 5769 ”litte
145 5716 183 5770 vul
198 5719 252 5768 ΒΣ
260 5720 294 5783 (κ.
304 5722 345 5782 ιι.)
396 5719 444 5783 (ιο)
462 5722 545 5769 tamen
559 5736 604 5771 οιιι.
613 5719 759 5783 imam),
774 5717 837 5770 delet

91 5789 111 5834 ¹1-
1463 5797 1494 5850 ιι
