3802 6196
42 302 76 351 in
92 300 132 350 sc.
153 298 355 350 cummunis
811 275 873 350 285
1478 285 1522 352 vl
1544 287 1668 352 56-58

37 468 68 523 iel
86 466 148 520 filius
167 465 207 520 vel
228 466 364 535 privignas
381 465 467 535 ipsius
483 466 531 530 sit,
549 464 584 519 ad
601 479 659 519 eam
677 468 814 535 pervenire
864 474 946 535 cipati
962 468 1011 522 filii
1027 465 1130 522 fihaem
1147 467 1318 523 successione
1334 471 1479 535 naeuus,
1496 470 1560 525 filiis
1577 485 1611 526 ex
1627 470 1669 525 his

37 539 63 590 ud
80 534 262 589 siniilitudinem
287 550 408 589 sororum
429 534 528 588 mortui
550 533 593 586 iel
616 543 748 589 menuae:
775 535 814 588 itu
862 536 978 603 genitis⁰
993 535 1130 590 deleratur
1146 536 1249 589 inmota
1264 551 1314 604 pro
1333 536 1417 591 solido
1432 539 1567 597 successio
1583 554 1670 608 nequo

37 610 114 665 uun,
129 606 168 666 ut,
191 601 214 655 si
237 601 343 670 quidem
364 602 438 655 solae
455 616 561 656 sorores
579 606 693 669 agnatae
710 603 750 656 vel
769 619 814 656 co·
863 604 918 656 ulla
941 603 1083 657 deiunctae
1091 604 1113 635 ¹⁰
1134 604 1206 671 patri
1228 604 1308 657 matri
1326 619 1360 658 ue
1377 605 1541 660 concedatur
1557 607 1668 661 intesta-

36 678 113 739 gnatce
133 676 159 723 et
178 674 263 723 mater
284 669 404 724 defuncti
426 669 468 723 vel
487 669 630 723 defunctae
653 671 813 738 supersiut¹,
863 676 908 725 tae
924 671 1100 725 successionis
1116 670 1260 725 hereditas.
1324 714 1329 725 .
1348 674 1412 726 ,11¹¹
1429 671 1455 727 lc.
1468 672 1550 729 Mart.
1565 672 1669 727 Medio·

35 755 72 807 pro
85 742 193 791 isuram
214 737 300 804 legum
322 744 415 790 tenne
435 737 570 790 dimidim
594 738 700 804 quidem
722 744 813 803 mater,
863 739 921 791 lani
938 738 1105 792 Merobaude
1123 751 1150 791 11
1165 748 1194 797 et
1210 738 1361 794 Saturiuno
1379 756 1467 795 conss.
1556 746 1590 804 [a.
1609 746 1668 804 333]

35 807 191 859 utenmiero
205 804 339 857 dimidiam
349 811 456 885 partem
469 819 559 858 omnes
569 821 675 859 sorores
683 806 813 859 habeant:
896 804 1028 876 5¹²Imp.
1054 803 1223 859 lastinianus
1240 809 1270 860 A.
1290 806 1464 861 Danastlieni
1481 824 1532 879 pp.
1568 808 1670 876 Siqua

36 876 64 927 sii
75 887 129 925 iero
142 878 223 925 matre
240 878 385 940 superenne
402 877 431 926 et
446 871 531 925 tratre
544 872 585 926 sel
602 872 731 926 tratribus
749 873 813 927 solis
862 870 973 926 illustris
997 873 1092 927 mulier
1112 872 1196 926 filiurn
1217 889 1251 927 ex
1273 874 1353 927 iustis
1371 876 1473 943 nuptiis
1489 878 1670 957 procreaverit

36 943 63 993 iil
76 940 147 992 etiam
164 955 222 992 caui
240 940 378 993 sororibus
395 940 539 993 intestatus
557 940 615 1008 quis
630 941 670 993 vel
686 941 813 994 intestata
863 946 890 993 et
907 942 1020 994 alterurn
1038 941 1160 1007 spurium
1177 941 1310 1006 habuerit,
1333 942 1377 995 cui
1394 948 1472 1010 pater
1489 949 1608 998 incertus
1624 944 1669 1003 ait,

37 1007 150 1071 ronamr,
172 1006 200 1059 in
224 1008 314 1074 capita
334 1006 511 1061 distribuatur
534 1009 591 1061 eius
613 1008 747 1062 hereditas
764 1023 814 1061 uec
862 1008 1083 1075 quemadmodum
1100 1023 1142 1061 res
1159 1014 1297 1063 maternae
1313 1009 1348 1063 ad
1364 1024 1412 1065 eos
1430 1011 1596 1077 perveniant,
1615 1013 1670 1064 sive

36 1076 94 1127 iceat
113 1074 188 1127 mani
210 1075 353 1128 occasione
374 1090 495 1129 sororum
518 1075 616 1129 martin
634 1076 675 1129 vel
692 1081 814 1129 mortuae
862 1076 1045 1129 tautummodo
1060 1075 1094 1129 nd
1108 1076 1206 1130 liberos
1218 1076 1303 1130 iustos
1321 1077 1376 1131 siis
1392 1083 1420 1131 et
1436 1078 1471 1131 ad
1488 1079 1602 1145 spurios,
1620 1078 1670 1131 da·

36 1142 162 1209 ampliorem
182 1149 286 1221 partem
309 1143 360 1196 sibi
381 1142 529 1206 vindicare,
551 1159 631 1211 quam
648 1149 709 1197 rats
724 1143 812 1211 portio
866 1149 875 1196 t
913 1144 1059 1197 bitabatur.
1101 1143 1242 1197 Saneimas
1263 1144 1362 1212 itaque,
1386 1150 1417 1199 ut
1433 1161 1519 1212 neque
1536 1161 1570 1198 ex
1586 1151 1669 1199 testa·

35 1210 128 1277 capitum
150 1210 241 1277 exigit:
265 1216 363 1279 patrum
385 1210 488 1264 scilicet
511 1212 608 1264 mortui
629 1212 671 1264 vel
692 1217 814 1265 mortuae
862 1216 950 1265 mento
974 1226 1061 1291 neque
1083 1211 1119 1265 ab
1141 1211 1269 1265 intestato
1286 1227 1372 1280 neque
1389 1227 1408 1265 a
1422 1212 1584 1267 liberalitate
1600 1214 1671 1267 inter

35 1279 91 1329 εῑιιιι
105 1277 156 1330 tilio
170 1277 211 1330 vel
229 1284 327 1358 nepote
343 1278 445 1331 nullum
457 1278 500 1331 ius
515 1278 550 1331 ad
566 1280 623 1333 cius
638 1277 813 1333 hereditatem
862 1279 935 1332 vivos
958 1280 1051 1332 habita
1073 1278 1152 1333 iustis
1174 1279 1266 1333 liberis
1283 1280 1458 1334 existentibus
1476 1280 1577 1348 aliquid
1592 1281 1670 1349 perii·

35 1351 98 1397 naue
117 1344 211 1397 herede
233 1349 366 1398 eruteutc
385 1345 545 1399 habentibus
563 1361 613 1399 nec
630 1362 662 1400 ex
680 1347 812 1400 veteuhus
861 1351 906 1400 tus
932 1347 967 1401 ab
992 1346 1141 1400 illustribus
1167 1347 1298 1402 matribus
1324 1347 1359 1400 ad
1385 1347 1491 1402 surios
1522 1349 1669 1415 perveniat,

35 1412 113 1478 legibus
128 1412 167 1465 iel
184 1427 217 1465 cx
235 1413 472 1467 constitutionibus
489 1417 593 1482 partem
609 1414 703 1467 matrIs
720 1414 811 1466 minui.
863 1430 923 1467 curn
949 1415 978 1468 in
1004 1414 1160 1468 mulieribus
1186 1415 1307 1481 ingenuis
1330 1420 1357 1468 et
1382 1364 1545 1479 illustribus,
1571 1415 1669 1483 quibus

38 1486 43 1531 1
69 1480 109 1532 Sin
128 1483 214 1533 autem
237 1480 367 1534 defuncta
389 1495 505 1549 persona
527 1498 581 1534 non
598 1484 683 1537 solum
701 1488 813 1535 matrem
862 1481 995 1535 castitatis
1013 1482 1163 1535 observatio
1179 1483 1355 1564 praecipuam
1372 1482 1490 1536 debitum
1506 1490 1555 1546 est,
1577 1488 1605 1537 et
1621 1499 1669 1536 no·

36 1548 152 1600 atratres
173 1552 201 1599 et
221 1563 329 1601 sorores
350 1550 508 1618 superstites
529 1550 640 1615 habeat,
664 1549 711 1603 sed
735 1550 813 1602 etiarn
861 1549 959 1602 minari
985 1549 1091 1619 spurios
1117 1550 1182 1603 satis
1204 1550 1374 1615 iniuriosum,
1400 1551 1466 1605 satis
1491 1551 1617 1605 acerbum
1643 1555 1671 1604 et

36 1620 121 1680 pasin,
144 1615 168 1668 ii
192 1614 299 1682 quidem
326 1616 367 1669 sui
393 1616 459 1670 iuris
485 1616 614 1679 decessit,
641 1619 703 1685 qnia
747 1617 813 1670 auis
861 1617 962 1670 nostris
979 1617 1144 1686 temporibus
1161 1616 1297 1685 indignum
1314 1633 1374 1671 esse
1391 1618 1538 1672 indicamus
1555 1624 1583 1673 ot
1600 1620 1670 1672 hanc

35 1697 124 1747 perans
144 1682 322 1737 interveniens
344 1685 438 1737 matris
463 1684 524 1738 iura
549 1700 677 1752 superare
700 1635 813 1748 siletur,
862 1687 946 1752 legem
963 1685 1013 1754 ipsi
1030 1683 1184 1752 pudicitiae,
1202 1700 1283 1753 quarn
1300 1700 1405 1754 semper
1420 1686 1559 1740 colendam
1577 1701 1670 1740 censc-

34 1749 129 1802 oniibns
144 1750 188 1817 pio
205 1751 296 1804 animo
311 1752 480 1819 providentes
495 1753 629 1807 sancimus
645 1752 740 1807 frames
755 1752 813 1820 qui·
862 1758 877 1805 2
912 1769 980 1817 mus,
1006 1752 1100 1806 merito
1127 1751 1289 1807 dedicamus.
1331 1753 1378 1806 Sin
1403 1758 1493 1807 autem
1518 1754 1671 1807 concubina

33 1816 76 1868 deu
95 1821 120 1869 et
139 1834 242 1871 sorores
266 1823 389 1873 mortuae
409 1834 542 1887 persam
564 1819 599 1872 ad
617 1821 813 1874 successionem
861 1820 963 1874 liberae
988 1819 1152 1874 condicionis
1178 1820 1325 1874 constituta
1354 1821 1436 1873 lilium
1462 1822 1504 1874 vel
1528 1820 1610 1874 filiam
1636 1834 1685 1874 ex>

34 1885 174 1951 proprietatis
192 1887 267 1939 solos
280 1902 330 1953 pro
343 1886 412 1940 virili
422 1894 504 1967 parto
519 1888 617 1952 vocari,
635 1889 707 1968 patri
724 1895 813 1941 antem
862 1888 937 1941 licita
955 1886 1147 1941 cousuetudine
1164 1887 1199 1940 ad
1215 1887 1348 1941 hominem
1365 1888 1478 1942 liberum
1495 1887 1589 1941 habita
1606 1903 1670 1956 pro·

34 1956 53 2001 it
70 1953 137 2004 natri
161 1968 226 2007 usus
250 1954 358 2007 fructus
379 1958 463 2008 tonus
485 1956 664 2010 successioms
691 1957 813 2010 bessem³
863 1956 1000 2018 ereavait,
1018 1971 1065 2009 eos
1082 1955 1162 2008 etiam
1181 1971 1241 2008 cum
1259 1955 1381 2021 legitimis
1395 1955 1485 2009 liberis
1500 1955 1535 2009 ad
1549 1961 1670 2009 materna

34 2025 259 2156 3333Ἢὲῧὲ
274 2022 443 2156 titia
476 2029 564 2145 “tul
578 2023 814 2159 {tentalis
862 2023 953 2144 illi
970 2024 1215 2156 '‘titutithl
1231 2022 1422 2144 {altit
1437 2023 1669 2145 ‘lillillll

35 2157 45 2203 l
72 2170 164 2209 sorores
186 2162 351 2213 remanente.
393 2156 440 2210 Sin
463 2174 525 2212 vero
548 2159 675 2212 defuncta
697 2174 813 2228 persona
864 2157 961 2212 Chalae
980 2175 1032 2211 ane
1050 2157 1133 2212 Decio
1151 2174 1189 2212 oe.
1209 2174 1281 2211 cons.
1555 2164 1589 2222 [a.
1609 2162 1668 2223 329]

35 2221 54 2271 iii
68 2223 138 2276 sacris
157 2224 244 2290 patris
269 2225 418 2278 constituta
434 2225 593 2289 decesserit,
632 2233 690 2280 ater
707 2226 813 2294 quidem
897 2223 917 2283 6
943 2224 1040 2279 “letan
1062 2227 1094 2279 A.
1119 2224 1230 2279 Iuliano
1267 2242 1297 2295 p.
1339 2224 1452 2293 Quidam
1474 2225 1588 2283 ancillae
1605 2240 1670 2280 suas

36 2304 90 2365 pun
110 2289 241 2370 fuctum,
265 2307 345 2359 quem
367 2297 395 2345 et
417 2292 520 2347 vivente
542 2294 596 2348 filio
612 2244 742 2359 habebat,
766 2294 811 2346 de·
862 2308 911 2362 per
926 2292 1159 2348 fideicommissum
1175 2244 1326 2347 perignem
1346 2293 1465 2374 reliquit,
1488 2309 1520 2347 eo
1538 2300 1671 2359 autema

36 2358 95 2408 mest
113 2357 195 2413 donec
216 2365 290 2412 vivat
307 2360 505 2428 incorruptum,
527 2367 613 2415 meter
630 2369 731 2425 annm,
749 2362 813 2429 quia
863 2377 916 2428 quo
941 2361 1052 2415 libertis
1075 2360 1171 2415 relicta
1192 2369 1246 2423 est,
1272 2376 1374 2415 morani
1396 2377 1424 2413 in
1447 2360 1572 2415 libertate
1591 2376 1669 2430 prae·

37 2421 85 2475 huic
98 2440 169 2479 mam
186 2428 307 2480 fructura
324 2429 423 2482 habere
440 2429 543 2482 vivente
559 2435 635 2496 patre
653 2445 707 2484 non
724 2434 813 2498 potest
863 2428 959 2483 stands
976 2429 1092 2483 iaciente
1110 2428 1214 2498 peperit
1230 2428 1335 2482 aneilla.
1371 2433 1399 2483 et
1421 2443 1481 2483 esse
1502 2428 1608 2497 quidem
1628 2429 1670 2482 in·

39 2496 94 2543 toan
109 2494 178 2561 apud
194 2501 300 2561 patrem
318 2497 504 2560 constitutum,
529 2513 585 2550 uua
606 2497 812 2551 cumfratribus
861 2513 977 2565 genuum
999 2512 1111 2565 puerum
1133 2497 1174 2551 vel
1197 2496 1325 2564 puellum,
1348 2497 1394 2566 qui
1416 2500 1479 2564 post
1494 2511 1596 2550 moram
1613 2497 1670 2550 nati

43 2556 146 2613 tinem
162 2577 295 2640 personae
312 2563 346 2615 ad
363 2564 553 2630 proprietatem
571 2573 688 2625 vocetur,
711 2564 814 2618 scilicet
863 2570 933 2627 sunt,
952 2580 1043 2618 omnes
1060 2565 1156 2617 veteru
1173 2564 1238 2618 iuris
1256 2569 1381 2618 auctores
1395 2565 1575 2625 consentiunt,
1592 2563 1669 2618 dubi·

45 2638 79 2676 ua
93 2629 223 2683 sorcnbus
247 2630 308 2683 sola
325 2631 353 2682 in
369 2631 516 2697 dimidiam,
541 2648 602 2686 cuni
625 2633 755 2685 iratribus
773 2631 813 2685 vel
863 2633 973 2686 labatur
994 2638 1083 2686 autem
1105 2633 1176 2688 inter
1196 2647 1256 2695 eos,
1279 2632 1302 2684 si
1327 2631 1407 2685 matri
1433 2632 1555 2686 morienti
1581 2636 1671 2700 potest

41 2694 148 2755 pauiu
169 2698 277 2764 generis
300 2698 445 2751 secundnm
469 2715 551 2766 supra
574 2700 701 2768 scriptam
723 2699 812 2753 (1132τί-
865 2706 876 2752 l
919 2700 1071 2754 succedere.
1113 2698 1273 2753 Huiusmodi
1294 2700 1386 2767 itaque
1409 2698 1602 2753 dubitationem
1624 2714 1669 2754 eo-

39 2760 189 2835 ihationem
213 2765 241 2818 in
265 2764 366 2818 virilem
390 2767 548 2833 portionem.
589 2767 718 2821 Omnibus
740 2767 812 2821 vide·
862 2784 921 2821 ram
939 2767 1090 2822 decidentes
1108 2767 1219 2821 ulteriim
1236 2780 1296 2820 eain
1312 2766 1457 2836 procedere
1474 2783 1527 2821 non
1544 2768 1670 2834 patimur,

35 2823 97 2907 leti,
110 2846 174 2898 quae
197 2832 230 2886 de
253 2833 410 2887 mulieribus
433 2834 468 2887 ad
490 2835 621 2889 secundas
639 2836 746 2904 nuptias
765 2836 812 2888 mi·
863 2836 910 2888 sed
928 2835 1063 2888 sanamus
1080 2834 1191 2888 eandem
1213 2835 1306 2888 matris
1323 2835 1476 2902 progeniem
1492 2835 1617 2888 heredem
1634 2835 1669 2888 ab

34 2896 142 2957 amabas
164 2900 272 2954 mnnita
298 2905 374 2966 suut,
401 2901 446 2954 in⁴
470 2918 520 2956 suo
544 2908 617 2955 statu
643 2902 811 2957 dursntibns.
861 2902 989 2956 intestato
1014 2917 1094 2970 posse
1121 2902 1145 2955 ei
1167 2902 1294 2965 crisme,
1319 2902 1392 2956 salvo
1416 2902 1474 2955 inre
1496 2903 1613 2969 legitimo
1636 2917 1670 2956 ex

34 2958 57 3011 ll.
70 2961 91 3015 t.
104 2963 158 3023 lun.
174 2968 413 3040 Constantinopoli
436 2969 480 3022 dn.
497 2967 651 3024 Iustiniana
671 2972 703 3024 A.
717 2987 767 3041 pp.
788 2984 815 3023 11
862 2970 1022 3024 aucusitate
1040 2975 1150 3024 senatus
1168 2970 1284 3024 consulti
1302 2968 1434 3023 Orfitiani
1445 2970 1515 3038 proli
1538 2969 1668 3023 servando

34 3041 88 3082 iii!-
698 3042 732 3103 [a.
752 3037 811 3107 328]
862 3042 962 3091 ettam
979 3043 1064 3092 matre
1081 3053 1114 3091 eir
1131 3044 1241 3091 senatus
1265 3038 1387 3091 consulto
1405 3037 1572 3091 Tertulliano
1591 3052 1669 3105 quam

882 3107 939 3160 role
957 3121 989 3158 ex
1007 3104 1136 3159 Orfitiano
1157 3111 1266 3159 senatus
1284 3104 1408 3159 consulto
1425 3105 1538 3158 invicem
1555 3104 1589 3158 ad
1606 3119 1670 3158 suas

862 3122 1026 3227 leneditates
1043 3174 1218 3227 venientibus.
1258 3171 1292 3226 Ι).
1310 3171 1336 3225 lc.
1357 3171 1413 3227 Oct.
1434 3171 1670 3243 Constantinopoli

863 3240 1016 3312 lampadio
1033 3247 1060 3295 et
1079 3240 1172 3295 Oreste
1188 3258 1227 3295 nv.
1247 3256 1284 3294 cc.
1302 3256 1390 3294 conss.
1555 3245 1590 3304 [a.
1609 3243 1669 3303 5³0]

356 3311 461 3371 LVII.l

81 3405 119 3455 in
135 3407 286 3461 eminus
304 3386 507 3462 cousmroi'i
525 3410 760 3463 ausinianum

58 3499 153 3583 hipp.
177 3508 336 3565 Alenaneler
358 3511 390 3563 A.
422 3509 573 3582 Eieanpelo.
613 3511 642 3565 Si
668 3511 812 3565 intestatae

33 3569 126 3626 milicia
143 3577 331 3646 consanguinei
349 3579 466 3632 existant
483 3581 528 3632 et⁰
545 3583 630 3633 mater
647 3585 675 3633 et
691 3580 759 3642 tilia,
777 3579 812 3632 ad
1205 3583 1335 3643 uvl11.¹⁶

34 3636 97 3691 tohu
120 3640 195 3697 filiani
219 3661 254 3700 ex
277 3647 530 3700 senatusconsulto
554 3646 684 3701 Orfitiano
708 3646 811 3700 heredi·
1484 3681 1505 3713 ,0

34 3704 64 3755 itt
78 3710 189 3772 pruna
225 3711 283 3766 ΡΡ.
303 3728 347 3766 av
360 3712 386 3766 lc.
406 3714 483 3768 Febr.
503 3714 591 3768 Fusco
610 3729 638 3768 11
659 3719 687 3769 et
703 3714 812 3769 Dentre
1018 3682 1064 3732 DE
1081 3682 1260 3733 LEGITIMIS
1278 3680 1475 3732 HEREDIBUS
1505 3719 1519 3792 Ἰ

34 3784 100 3826 anes.
701 3788 735 3846 [a.
752 3787 811 3845 225]
898 3781 911 3838 1
942 3780 1010 3852 Imp.
1033 3781 1193 3835 Alexander
1209 3783 1241 3836 A.
1261 3780 1354 3834 Cassio
1378 3787 1405 3834 et
1424 3779 1597 3834 Hermionae.
1637 3780 1668 3833 Iu

57 3835 165 3916 ‘llnipp
183 3846 372 3902 Diocletianus
394 3855 422 3903 et
437 3847 626 3903 Maximianus
642 3849 698 3903 AA.
718 3856 746 3904 et
764 3849 811 3903 CC.
862 3850 1032 3904 successione
1048 3850 1127 3902 titulo
1151 3848 1388 3916 consanguinitatis
1414 3849 1456 3901 vel
1484 3848 1511 3900 iu
1538 3848 1668 3901 bonorum

34 3901 187 3988 Meuaniae.
230 3916 293 3969 Non
318 3932 367 3985 pro
390 3932 500 3970 numero
524 3916 698 3985 superstitum
720 3919 813 3971 mortis
881 3917 1039 3981 assessioue,
1057 3931 1127 3984 quae
1144 3916 1322 3985 proximitatis
1340 3916 1445 3969 nornine
1460 3916 1596 3984 competit,
1614 3920 1669 3968 mm

34 3979 105 4029 mins
119 3984 246 4050 tempore,
266 3983 313 4037 sed
330 3984 528 4039 succedentium
545 3990 665 4037 materna
683 3985 813 4039 scinditur
862 3934 960 4039 lintres
978 4001 1057 4053 qnam
1075 3999 1180 4039 sorores
1197 3985 1258 4065 pari
1271 3984 1330 4037 iure
1344 3998 1410 4047 esse,
1428 3983 1493 4049 licet
1509 3998 1563 4061 nou
1578 3981 1669 4036 eadem

37 4043 44 4088 l
71 4042 197 4103 hmani.
232 4051 341 4119 Quapro
361 4057 402 4105 ter
420 4053 444 4105 si
461 4055 546 4106 mater
562 4056 652 4130 vestra
669 4059 697 4106 te
714 4060 742 4107 et
758 4068 812 4106 uno
862 4058 948 4106 matre
962 4067 1040 4106 susce
1060 4056 1104 4105 tae
1117 4056 1188 4118 suut,
1205 4067 1248 4105 ius
1262 4056 1364 4105 certum
1378 4056 1426 4104 est.
1453 4065 1504 4103 nec
1516 4050 1578 4103 hnic
1591 4048 1669 4103 dero·

72 4176 94 4191 ..
118 4117 303 4186 emancipatis,
334 4066 439 4173 tiliolum
471 4123 559 4173 autem
586 4120 645 4174 sliis
671 4121 699 4173 in
724 4122 813 4189 patria
880 4126 954 4185 atur,
977 4070 1059 4188 quoil)
1070 4121 1165 4173 aniius
1189 4125 1290 4172 vestras
1313 4118 1349 4171 ab
1375 4133 1425 4171 avo
1451 4123 1539 4196 vestro
1562 4117 1669 4171 domins

36 4182 107 4255 ltttils
120 4190 249 4250 pomae
266 4187 456 4253 superstitibus
478 4187 547 4240 diem
563 4187 658 4241 functa
674 4193 715 4241 est
732 4196 760 4241 et
777 4189 811 4254 hi,
861 4136 945 4242 luisse
970 4186 1128 4256 proponitis.
1173 4185 1229 4239 ΡΡ.
1256 4203 1318 4239 riori.
1344 4184 1409 4239 Mai.
1438 4184 1563 4239 Maxima
1587 4199 1614 4238 rr
1643 4194 1671 4239 et

36 4255 105 4305 lulla
118 4256 247 4316 potestate
261 4253 345 4321 patris
360 4255 475 4320 luerunt,
513 4255 648 4322 nusquam
664 4261 811 4310 maternam
863 4257 977 4309 Aeliano
995 4271 1083 4309 conss.
1556 4258 1590 4316 [a.
1608 4255 1668 4315 223]

36 4305 180 4395 laeditstem
196 4321 248 4374 sihi
266 4329 435 4389 quaererent,
459 4271 540 4377 tellus
557 4323 681 4377 hamanis
698 4325 812 4391 exempti
897 4322 1010 4378 ‘hidem
1019 4324 1039 4355 ¹⁷
1056 4324 1087 4375 A.
1108 4321 1239 4376 Tatinnae
1256 4327 1283 4375 et
1300 4321 1369 4374 aliis.
1405 4319 1434 4373 Si
1451 4320 1517 4381 eius,
1536 4333 1606 4387 quae
1622 4335 1669 4372 vos

36 4386 166 4459 ³¹111t3mter
181 4387 248 4442 duos
266 4395 370 4442 tautum
387 4390 476 4444 viriles
493 4405 547 4443 non
565 4391 708 4458 ambigitur
724 4390 812 4444 factas
862 4388 974 4444 heredes
999 4390 1129 4456 institnit,
1156 4390 1227 4458 patri
1253 4404 1306 4441 non
1330 4387 1473 4456 quaesistis
1495 4386 1669 4466 hereditatem

35 4450 154 4506 paona.
179 4454 206 4509 S.
221 4470 266 4509 vir
277 4456 303 4509 lc.
314 4457 400 4526 April.
416 4458 563 4511 SiriniAA.
579 4460 680 4511 conss.⁷
707 4463 741 4522 [a.
752 4464 811 4522 293]
882 4462 1010 4526 ostcaque
1025 4462 1132 4511 mortuo
1149 4462 1226 4524 patre
1243 4472 1276 4509 ae
1293 4456 1433 4534 repudiata
1446 4455 1503 4508 eius
1520 4454 1669 4507 hereditate

60 4510 163 4572 licem
185 4525 239 4577 AA.
267 4531 294 4577 et
316 4524 364 4578 CC.
391 4523 523 4579 lullanae.
564 4525 647 4579 Matri
669 4526 813 4580 intestatae
862 4476 1005 4579 Seiunctus
1027 4524 1223 4578 successionem
1245 4524 1403 4590 agnovistis,
1425 4537 1471 4587 ea,
1495 4537 1564 4590 quac
1584 4521 1669 4575 bono·

36 4575 152 4655 ieiunatis
173 4590 317 4645 anundum
340 4591 499 4646 Orfitianum
523 4597 633 4647 senatus
661 4594 812 4647 consultum
861 4609 922 4647 rura
947 4598 1011 4647 sunt
1033 4591 1189 4657 deiunctae,
1216 4591 1314 4644 abhis
1338 4590 1470 4669 separari,
1492 4604 1561 4657 quae
1583 4589 1668 4656 patris

36 4650 222 4711 tirannorum
238 4660 434 4727 possessiouem
451 4660 569 4728 tiliapro
584 4660 812 4729 heredegcrendo
862 4660 942 4716 vestri
966 4660 1089 4725 luerunt,
1122 4673 1230 4727 praeses
1262 4658 1413 4726 provinciae
1442 4673 1496 4710 non
1526 4656 1667 4723 ignorabit.

36 4719 154 4775 punire
181 4741 234 4780 nou
266 4726 431 4794 prohibetur.
479 4726 507 4781 S.
534 4742 583 4781 rii
607 4728 633 4781 li.
661 4727 729 4783 Noc.
755 4729 811 4783 AA.
862 4727 919 4782 PP.
935 4742 965 4780 vr
979 4726 1048 4780 ictA
1069 4727 1112 4779 ril.
1124 4727 1264 4780 Gordiano
1272 4729 1303 4779 A.
1314 4733 1340 4778 et
1349 4724 1445 4779 Aineia
1457 4739 1543 4778 caius.
1563 4726 1598 4790 [a.
1609 4728 1667 4802 233]

36 4787 114 4837 ‘⁰²¹⁸ss
698 4802 733 4860 [a.
752 4801 811 4860 293]
897 4793 915 4853 3
944 4793 1012 4865 Imp.
1067 4796 1140 4847 enies
1160 4796 1192 4847 A.
1219 4792 1434 4864 Asclepiodotus.
1477 4792 1668 4871 Consangami-

50 4848 76 4922 ,4
99 4852 206 4932 ’lmppp
231 4859 380 4916 Gratianus
408 4861 616 4917 Valentinianus
641 4869 668 4917 et
692 4863 812 4918 lbeodo-
862 4865 926 4918 tatis
948 4863 1007 4921 iure
1029 4867 1057 4916 et
1078 4862 1190 4915 feminas
1215 4861 1249 4914 ad
1266 4862 1454 4914 intestatorum
1472 4872 1669 4936 ascensionem

37 4926 79 4968 ³¹²⁸
92 4923 163 4980 AAA.
180 4928 216 4981 ad
232 4928 408 4984 Hilarianum
425 4948 477 5001 pp.
518 4921 646 4998 Quotiens
670 4931 704 4985 de
722 4946 811 4985 emau-
864 4938 875 4985 t
917 4929 1021 4984 admitti
1045 4944 1125 4998 posse
1148 4928 1280 4998 explorati
1301 4928 1366 4981 iuris
1389 4932 1438 4980 est.
1474 4924 1590 4979 Proinde
1607 4940 1668 4978 cuin

69 5034 186 5049 ’κῆα-
196 5045 330 5054 ,,.-,.-

39 5084 61 5143 (ll
75 5091 104 5141 tlt
119 5095 177 5157 den,
193 5099 319 5150 mbment
339 5101 383 5151 CR
455 5102 490 5165 (2)
507 5101 590 5151 ciuavs
606 5120 653 5152 rer.
725 5103 760 5166 (3]
776 5103 813 5153 ric
862 5102 909 5165 (lb)
934 5102 969 5151 acl
984 5102 1062 5164 fineis
1087 5100 1148 5152 libri
1168 5101 1231 5151 senti
1252 5098 1288 5149 Β]
1308 5100 1370 5149 inter
1387 5097 1440 5148 alia
1457 5096 1577 5162 suppleuit
1593 5098 1668 5147 daec:

39 5152 162 5222 ier-‚nus
181 5167 307 5233 012⁶,pro
324 5167 392 5218 sese
408 5165 446 5219 ie
517 5169 550 5231 ni
567 5168 595 5218 in
614 5171 678 5230 aas,
702 5188 746 5221 om.
767 5170 812 5221 aa
861 5168 905 5218 iis.
923 5184 951 5218 vr
969 5170 1009 5218 tn.
1026 5167 1194 5232 inlegitima
1211 5165 1349 5216 noredinus.
1376 5163 1445 5214 icem
1460 5180 1481 5213 i.
1497 5166 1523 5213 et
1537 5178 1572 5215 ω.
1599 5164 1669 5213 incr

39 5218 64 5278 ll)
78 5224 373 5302 Bl5‚1,tcreqq.-Cf.
383 5236 422 5286 Di
439 5272 444 5284 .
461 5237 501 5299 38,
516 5247 540 5287 tt
558 5237 618 5287 Inrt.
635 5240 687 5300 3,t
738 5237 773 5299 (a)
787 5240 812 5287 ct
861 5251 914 5299 eos,
938 5237 982 5299 qui
1004 5236 1035 5285 de
1058 5235 1157 5285 inlicita
1172 5233 1212 5284 vel
1229 5235 1325 5284 incerta
1341 5232 1512 5298 procreatione
1529 5231 1583 5280 nati
1600 5236 1668 5292 sunt,

39 5284 72 5333 'm
86 5301 187 5347 “1³32
199 5304 288 5366 tan),
305 5322 349 5354 oin.
363 5304 408 5355 CR
445 5301 456 5335 ⁵
506 5303 541 5367 (t)
556 5303 606 5353 OO.
620 5319 697 5353 conss
714 5306 811 5365 (aaut)
860 5303 933 5353 nulla
949 5307 987 5353 est
1003 5304 1123 5354 sancasio
1137 5301 1178 5352 vel
1191 5301 1336 5351 hereditatis
1350 5299 1448 5364 petitio,
1465 5298 1514 5347 uisi
1529 5298 1561 5348 ab
1576 5296 1667 5348 aedem

40 5351 146 5429 Menneu
192 5371 225 5432 (a)
241 5395 275 5414 =
290 5371 333 5421 tn.
351 5373 376 5433 b,
395 5382 443 5432 ι,3
494 5372 530 5437 (e)
548 5371 664 5435 quotiens
681 5372 711 5421 de
726 5387 810 5422 eman·
861 5369 977 5421 relictum
994 5370 1033 5421 vel
1057 5385 1199 5421 caucasum
1222 5369 1308 5432 aliquo
1327 5367 1400 5417 inodo
1416 5366 1483 5416 inter
1499 5381 1525 5416 ac
1541 5366 1667 5416 doceatur.

41 5428 115 5483 ‘lillis
128 5431 187 5485 filias
202 5452 265 5489 mcc.
283 5441 325 5499 tr,
347 5437 406 5488 tiliis
427 5453 457 5489 ex
475 5454 504 5488 sa
520 5439 613 5503 genitis
630 5459 681 5490 cun
701 5441 745 5490 Ti.
762 5458 809 5489 scr.
864 5440 1040 5507 Golposianani
1057 5440 1130 5504 tepens
1145 5456 1196 5489 erse
1211 5439 1259 5488 atii
1274 5437 1332 5487 libri
1345 5437 1440 5485 dicunt:
1463 5436 1574 5484 bauran
1591 5444 1668 5484 auten

40 5488 74 5549 “ll
87 5497 117 5545 ’ἕο
129 5500 149 5548 (ἶ
159 5521 205 5554 cun
222 5506 273 5569 Ti,
287 5505 400 5555 defuncti
416 5506 447 5568 P,
462 5505 575 5557 defuncti
588 5505 626 5556 vel
640 5507 771 5557 defunctae
785 5507 811 5556 R
861 5524 911 5557 essa
921 5525 950 5557 ec
959 5508 1010 5573 lege
1016 5503 1417 5572 Liutprandiilaeinbardalaiffi)
1427 5502 1488 5552 uidit
1494 5501 1593 5552 Merkel
1601 5503 1670 5567 apud

41 5556 73 5615 lit)
90 5574 114 5610 ¹¹
136 5566 183 5630 Tb,
206 5588 242 5621 xv
264 5573 334 5638 nat,
360 5593 404 5624 cm.
423 5574 449 5623 P
529 5576 575 5637 (12)
599 5576 672 5641 iunge
688 5578 713 5637 b,
731 5585 767 5635 23,
784 5585 810 5625 10
861 5573 972 5641 Sauipnp
997 5573 1138 5624 Geschiclite
1159 5575 1202 5623 des
1223 5570 1518 5631 nannetensis:
1544 5570 1668 5634 inscriptio

42 5620 75 5701 [til
89 5642 112 5676 ἢ
126 5631 156 5681 Ρ
170 5648 222 5690 euni·
235 5644 259 5689 Β
274 5642 367 5701 (aiil,
384 5656 414 5690 ex
435 5642 461 5703 0,
480 5660 525 5691 oin.
543 5642 606 5692 Pali
677 5647 721 5704 (tt)
739 5645 810 5707 inape
859 5643 972 5706 suppleta
994 5642 1089 5691 videtur
1111 5660 1141 5692 eu
1158 5660 1178 5694 c.
1197 5651 1260 5692 4-3
1279 5640 1301 5689 l.
1320 5648 1351 5695 t..
1374 5638 1410 5687 ad
1431 5654 1494 5702 qaas
1517 5638 1542 5687 in
1559 5638 1669 5713 asapius

46 5704 60 5748 '²
74 5702 89 5754 ⁴³
103 5707 130 5748 ¹⁶·
146 5712 168 5753 ί]
230 5710 274 5771 (ts)
291 5709 319 5759 B
335 5712 378 5772 45,
396 5721 415 5772 t,
432 5720 521 5761 tri-ta
538 5736 572 5747 —
593 5711 631 5776 Cf.
647 5710 707 5777 Dip.
726 5711 766 5772 38,
785 5720 809 5761 te
859 5709 915 5759 aliis
933 5709 1060 5774 adapta
1070 5711 1152 5775 suerit
1206 5708 1253 5772 (it)
1266 5707 1343 5760 scribi
1357 5706 1439 5756 debuit
1452 5704 1512 5769 imp.
1526 5702 1669 5755 commis
