3782 6198
192 268 256 334 1111
279 271 348 336 12
999 260 1058 334 lid
1498 285 1528 333 ει
1549 284 1681 332 esurum
1704 284 1859 331 rnrsrue

193 466 321 573 Emesena
343 449 505 515 inveniatur,
533 449 577 503 cui
602 455 797 504 sacramentum
822 450 926 504 illatum
951 457 1000 517 est,
1086 448 1105 506 2
1128 448 1197 521 Imp,
1221 449 1374 502 mitomnns
1395 449 1425 501 A.
1452 448 1623 519 hermogeni.
1664 448 1788 516 Quamvis
1813 460 1863 515 pe·

213 527 240 573 te
256 519 326 573 forte
342 534 391 586 per
407 522 608 587 procuratorem
626 516 761 580 ventilata,
780 532 889 571 necesse
905 523 947 572 est
960 519 1001 573 rei
1053 517 1160 572 cuniam
1189 522 1262 570 tuam
1288 515 1462 585 Asclepiades
1493 533 1542 571 suo
1573 517 1679 570 nornine
1709 514 1864 577 crediderit,

193 585 632 719 {tetsttttttittttt
653 583 1002 707 tttttmittttst
1052 582 1347 706 “dti'mihst‘ri‘h
1363 582 1866 719 distabimus-‘titt

193 726 258 775 sunt
273 720 382 804 impleat
398 693 451 786 adl,
475 721 498 774 si
520 718 600 773 iudex
617 718 805 774 existimaverit
821 719 848 773 in
866 721 1002 788 prouincia
1050 668 1083 775 go
1101 669 1252 774 actignibus
1271 719 1448 786 consequeris.
1484 718 1540 771 ΡΡ.
1556 694 1599 771 ιιι
1614 719 1641 772 Ιι.
1654 718 1721 772 Mai.
1739 717 1867 772 Messala

193 788 240 843 ubi
262 787 334 855 degit
355 788 406 842 suh
429 791 550 842 actorum
570 786 757 842 testificatione
774 787 950 841 iuramentum
967 787 1001 841 ab
1051 794 1078 841 et
1096 786 1198 840 Sabino
1219 803 1306 841 conss.
1502 852 1504 857 ι
1742 790 1777 850 [a.
1799 787 1868 845 etti

193 870 226 910 ea
247 856 287 910 rel
311 854 369 909 dari
391 854 433 908 rel
453 854 547 908 referri
564 854 605 907 vel
622 854 756 917 recusari,
779 855 831 909 hoc
848 854 1001 924 procedere,
1086 850 1166 911 dian
1187 895 1193 906 .
1213 851 1369 906 Gordianis
1385 854 1416 905 A.
1432 850 1605 923 Samiario.
1640 852 1711 915 Eos,
1731 852 1778 921 qui
1800 850 1867 906 offi-

193 926 225 977 ιιι
242 922 352 1004 singulis
375 922 481 976 casibus
499 927 608 976 eventus
629 922 681 974 iam
698 921 824 976 delinitus
841 923 1000 992 imponatur.
1052 921 1122 976 cium
1140 871 1335 987 administrant,
1353 935 1438 988 neque
1455 935 1503 999 per
1520 935 1653 1000 seneque
1669 935 1718 998 per
1734 918 1867 1040 supposi-

193 990 226 1044 lb
260 988 384 1045 Licentia
407 988 577 1043 concedende
598 988 678 1043 etiam
702 989 773 1055 perti
796 990 872 1043 alteri
889 991 929 1044 sel
953 1004 1002 1059 per
1051 996 1093 1043 tas
1116 1004 1244 1057 personas
1265 996 1384 1056 tempore
1408 987 1489 1040 oiliou
1512 1000 1554 1040 sm
1576 986 1605 1040 in
1629 1003 1764 1055 provinus
1794 1002 1866 1039 enus

194 1073 223 1111 se
241 1058 282 1111 rel
298 1072 348 1127 per
363 1064 565 1126 procuratorem
583 1072 663 1124 super
680 1056 732 1109 hoc
749 1056 836 1127 ipsum
850 1056 1001 1111 ordinatum
1052 1057 1154 1125 agitare
1185 1071 1265 1125 posse
1296 1070 1378 1122 saepe
1408 1054 1566 1132 resumptum
1597 1063 1646 1109 est.
1698 1053 1755 1108 PP.
1787 1055 1867 1106 ιιιιἵ

194 1124 288 1180 adeam
309 1125 364 1191 his,
390 1139 458 1193 quae
475 1122 508 1178 de
525 1124 672 1178 iuramento
690 1131 814 1190 eguntm,
837 1125 878 1177 vel
896 1125 920 1178 si
935 1140 1001 1178 neu·
1051 1122 1079 1178 ic.
1099 1122 1172 1195 Sept.
1193 1120 1332 1177 Gordiano
1349 1122 1380 1175 A.
1399 1131 1425 1175 et
1443 1120 1539 1177 Ariola
1557 1138 1643 1176 sosas.
1747 1127 1783 1186 [a.
1803 1125 1866 1183 239]

194 1199 264 1247 ιιιιιιι
281 1190 371 1246 iacere
389 1191 519 1257 maluerit,
538 1197 564 1245 et
581 1207 615 1244 ex
631 1206 685 1244 nna
702 1195 793 1258 parte,
817 1194 867 1247 sub
890 1190 943 1245 fide
960 1197 1002 1245 ts·
1086 1189 1105 1247 4
1133 1189 1203 1269 Ιηιρι
1229 1187 1375 1269 Philippus
1400 1190 1432 1242 Α.
1457 1196 1485 1267 st
1508 1187 1600 1267 Philip
1621 1206 1654 1243 ss
1678 1186 1704 1242 C.
1727 1188 1866 1269 Muciano.

193 1275 253 1314 men
274 1269 422 1339 gestorum,
445 1260 622 1380 {prementum
644 1258 775 1378 praecingi
792 1260 833 1339 yel
850 1258 944 1379 reideirri
960 1258 1002 1313 rel
1052 1256 1082 1312 Si
1100 1258 1217 1377 abgarus
1234 1268 1375 1336 pecuniam
1390 1264 1585 1376 goffmeqemb
1596 1208 1686 1310 dienen
1709 1252 1808 1336 dedisti
1833 1270 1865 1307 sc

193 1333 250 1449 ils
267 1342 445 1463 ‘illinita
471 1331 878 1447 {hibuit-fidissimi
906 1341 1002 1449 amis
1051 1340 1135 1446 titt
1146 1332 1513 1469 {hithhamahti
1523 1339 1769 1471 tantitatem
1780 1337 1866 1469 titt

194 1462 230 1517 ta
251 1433 899 1530 utraquepartevelelteraoporteteesdependi.
920 1460 1002 1514 Nullo
1054 1459 1076 1513 si
1095 1474 1200 1513 cessare
1217 1458 1371 1513 mandatum
1388 1457 1615 1524 animadverterit,
1639 1458 1729 1512 uelem
1747 1457 1799 1510 tihi
1817 1456 1864 1509 ed-

194 1536 282 1582 temen
301 1532 351 1583 ex¹
375 1530 425 1582 hoc
449 1528 541 1581 litibus
558 1527 745 1596 impedimento
763 1527 922 1595 generando,
946 1527 1001 1593 sed,
1053 1542 1143 1580 versus
1170 1526 1316 1579 debitorem
1347 1541 1379 1580 eo
1408 1526 1516 1579 nomine
1546 1525 1677 1580 actionem
1710 1529 1865 1595 competere

194 1596 279 1650 donec
296 1610 327 1649 ea
364 1594 501 1659 recedunt,
519 1594 579 1648 eliis
596 1594 638 1648 rel
651 1594 774 1662 capitulis
790 1595 831 1648 rel
848 1594 903 1650 litis
921 1608 1002 1648 mem·
1052 1610 1106 1647 non
1124 1594 1239 1662 negabit.
1276 1591 1331 1647 PP.
1350 1608 1392 1646 rr
1406 1591 1432 1646 ic.
1450 1591 1533 1646 Mart.
1552 1590 1701 1648 Praesente
1718 1599 1746 1646 et
1761 1591 1864 1646 Albino

193 1663 249 1716 bris
278 1678 294 1715 a
319 1662 346 1716 iu
367 1662 406 1715 ’ce
429 1660 602 1715 eximmsndis
625 1668 666 1727 et,
692 1668 833 1730 postquam
855 1661 957 1716 inerint
978 1661 1003 1715 ei
1053 1676 1140 1715 enims.
1746 1665 1782 1724 [a.
1804 1660 1862 1725 216)

194 1730 316 1782 intimata
347 1733 424 1797 gesta
456 1743 537 1809 saper
567 1729 716 1781 iuramento
747 1731 907 1796 subsecuta,
937 1735 1002 1782 tunc
1087 1726 1167 1783 tim
1183 1745 1214 1798 p.
1234 1726 1420 1780 Diocletianus
1442 1735 1468 1780 ct
1485 1724 1674 1781 Maximianus
1690 1728 1746 1781 ΑΛ.
1767 1733 1801 1806 et
1816 1696 1879 1779 etl

194 1797 290 1850 iterum
312 1794 347 1849 ed
369 1796 421 1849 hoe
444 1795 588 1864 capitulum
611 1794 700 1849 iudice
717 1797 844 1850 redeunte
861 1801 889 1850 et
906 1812 937 1851 eo
955 1796 1002 1850 ed-
1052 1796 1223 1849 Aristaeum
1247 1804 1273 1848 et
1297 1793 1425 1848 stornio.
1466 1793 1495 1848 st
1516 1810 1572 1847 non
1589 1793 1685 1914 singuli
1701 1794 1862 1848 insolidum

194 1870 225 1916 te
264 1863 373 1931 impleto
397 1862 431 1916 sd
454 1869 543 1917 cetera
564 1863 741 1931 perveniente.
782 1863 911 1919 Ommbns
933 1863 1002 1930 aliis,
1053 1870 1165 1931 accepta
1180 1908 1183 1916 ,
1196 1869 1289 1915 mutue
1319 1860 1470 1930 quantitate
1498 1861 1539 1915 vel
1566 1861 1705 1930 etipuami
1736 1862 1864 1916 creditori

194 1945 263 1998 quae
281 1929 313 1983 de
329 1930 515 1998 praesentibus
533 1930 637 1986 sancita
654 1936 731 1996 sunt,
753 1937 780 1983 et
802 1931 830 1984 in
852 1930 1003 1985 absentium
1053 1935 1149 1998 sponte
1166 1938 1212 1983 ros
1231 1928 1375 1995 obligastis,
1397 1928 1461 1981 licet
1477 1928 1524 1982 nni
1541 1934 1681 1984 numerate
1697 1929 1732 1983 sit
1747 1930 1863 1997 pecunie

194 2003 208 2047 t
250 2001 327 2066 parte
350 1997 531 2052 observandis.
572 1996 604 2050 In
628 1997 750 2051 omnibus
773 2002 862 2051 autem
886 1997 1002 2066 casibus,
1030 1994 1093 2050 'vel
1118 1995 1315 2051 intercessionis
1337 1996 1443 2050 nomine
1467 1995 1538 2050 benc
1560 2012 1610 2064 pro
1630 2011 1678 2050 rea
1703 1996 1861 2066 suscepistis

194 2064 221 2117 ln
239 2064 335 2132 quibus
353 2071 519 2120 sacramente
532 2069 714 2133 praestentur,
733 2064 944 2119 observationem
960 2064 1001 2118 iu·
1054 2063 1250 2130 obligationem,
1266 2062 1369 2121 frustra
1385 2063 1518 2127 veremini,
1540 2079 1574 2117 ne
1591 2064 1649 2118 eius
1665 2063 1798 2133 pecuniae
1814 2079 1860 2115 no

194 2130 315 2185 dicislem
335 2147 489 2199 permanere
509 2145 646 2186 censemus
665 2131 810 2186 secuudum
828 2140 1003 2201 personarum
1051 2131 1121 2183 mine
1143 2147 1190 2185 ros
1214 2131 1354 2185 convenire
1376 2130 1476 2199 possit,
1499 2145 1579 2200 quam
1602 2131 1648 2185 alii
1669 2138 1763 2184 mutuo
1782 2130 1860 2187 dedit

194 2198 363 2267 qualitatem,
390 2200 444 2254 sive
470 2201 520 2254 sub
546 2200 604 2269 ipso
627 2199 714 2254 iudice
739 2201 870 2268 praestari
896 2203 1004 2281 oportet
1054 2198 1076 2252 si
1100 2198 1172 2251 intra
1188 2198 1377 2265 praestitutum
1393 2205 1498 2266 tempus
1516 2198 1553 2251 rei
1569 2203 1662 2266 gentse
1679 2199 1859 2278 quaestionem

194 2265 370 2320 iuramentum
393 2267 448 2321 sire
468 2266 497 2320 in
521 2264 641 2321 domibus
678 2267 733 2320 sive
756 2268 840 2321 seems
862 2267 1002 2335 sumpturis
1055 2271 1065 2319 l
1104 2265 1244 2319 detulistis.
1284 2267 1325 2318 Ac
1346 2264 1429 2319 multo
1453 2281 1479 2318 m
1514 2265 1536 2319 ’s
1553 2265 1660 2319 inanem
1677 2271 1800 2320 umorem
1816 2280 1858 2330 ge-

194 2338 209 2386 6
244 2334 324 2387 tectis
351 2334 406 2388 sire
432 2335 460 2387 in
486 2307 665 2388 sacrosanctis
692 2332 824 2388 oratoriis.
865 2333 1003 2415 Similique
1054 2332 1120 2397 ritis,
1138 2334 1177 2385 si⁸
1198 2332 1313 2400 pecunia
1329 2338 1467 2386 numerata
1485 2347 1571 2387 ceum
1589 2337 1745 2400 susceptum
1762 2334 1856 2385 iustru-

193 2398 271 2455 msds
293 2401 322 2455 in
345 2414 396 2457 sue
417 2401 541 2455 mmlmte
561 2415 680 2468 manere,
705 2415 774 2470 quae
796 2400 829 2456 de
855 2402 1003 2455 colummae
1055 2407 1144 2453 mento
1162 2400 1197 2453 sit
1214 2400 1347 2463 collatum,
1367 2415 1435 2463 cum,
1453 2400 1476 2453 si
1493 2399 1621 2454 reddendi
1636 2401 1670 2455 sti
1690 2400 1774 2453 nlntio
1789 2399 1857 2453 nulls

193 2466 364 2523 iureiurando
383 2468 422 2522 rel
440 2469 524 2522 relato
542 2473 709 2524 sacramento
727 2467 829 2535 legibus
843 2473 923 2522 cauta
940 2472 1004 2522 sunt
1054 2467 1175 2521 subiecta
1198 2476 1239 2521 est
1260 2472 1288 2521 et
1309 2467 1387 2520 huius
1410 2467 1450 2521 rei
1470 2472 1513 2522 est
1533 2467 1627 2521 habite
1644 2418 1781 2521 soilemnis
1799 2482 1857 2519 con·

193 2535 234 2589 rel
260 2549 278 2588 a
301 2536 380 2591 nobis
402 2536 444 2588 rel
468 2551 485 2588 a
508 2540 579 2589 retro
604 2534 670 2589 ditis
693 2535 860 2604 principibus
882 2536 1001 2589 inducta
1053 2536 1169 2598 testatio,
1187 2534 1215 2588 in
1230 2550 1279 2589 suo
1293 2540 1365 2587 stetu
1379 2541 1532 2588 remanente
1546 2549 1587 2600 eo,
1601 2534 1671 2602 quod
1686 2535 1855 2588 rarefactum
1878 2588 1879 2595 ,

192 2620 248 2658 non
265 2603 343 2668 enim,
361 2607 392 2656 ut
409 2602 510 2670 aliquid
524 2602 666 2670 derogetur
680 2603 737 2656 anti
755 2602 876 2658 uioribus
891 2604 1001 2672 legibus,
1052 2602 1216 2665 intercessit,
1249 2617 1282 2655 ex
1308 2602 1360 2656 otei
1385 2601 1489 2670 accepti
1517 2601 1650 2671 scripture
1678 2602 1745 2656 nihil
1773 2601 1855 2655 datm
1878 2654 1879 2663 ,

193 2671 260 2724 haec
283 2670 389 2738 prolata
410 2675 485 2737 sunt,
510 2670 557 2723 sed
574 2674 616 2733 ut,
640 2669 664 2723 si
685 2620 753 2738 quidl
767 2670 859 2726 deesse
875 2671 914 2725 eis
929 2671 1001 2725 ride·
1053 2669 1220 2723 menifestum
1239 2675 1287 2723 est.
1323 2667 1351 2721 S.
1367 2682 1384 2720 r
1399 2686 1461 2721 non.
1477 2666 1544 2722 Mai.
1560 2671 1615 2725 Ae.
1632 2682 1719 2723 conss.
1754 2673 1788 2734 (α.
1803 2672 1879 2729 ιιι)

194 2738 281 2803 betur,
299 2738 351 2791 hoc
368 2738 510 2815 repleatur.
539 2736 665 2791 Recitata
682 2738 796 2808 septimo
813 2739 924 2793 innovo
938 2755 1002 2791 con·
1087 2732 1200 2793 bidem
1218 2738 1273 2789 ΑΛ,
1297 2744 1324 2790 et
1342 2734 1388 2790 00.
1408 2735 1557 2789 Nissntiro.
1590 2736 1627 2789 'Si
1648 2753 1680 2791 ex
1704 2738 1792 2805 pretio
1815 2735 1854 2787 de·

192 2805 303 2859 sisteris
314 2804 420 2876 palatii
437 2803 591 2858 Isatiniani.
627 2803 660 2858 D.
678 2818 720 2858 ιιι
734 2802 854 2861 inlitos.¹
868 2805 1001 2859 Dreinos.
1053 2804 1124 2858 bitae
1146 2803 1303 2872 quantitatis
1330 2803 1403 2857 fecte
1426 2802 1568 2857 novadoue
1591 2814 1639 2871 per
1662 2803 1852 2871 stipulationes

194 2888 267 2925 sons.
888 2878 922 2937 [a.
942 2876 1001 2936 tte]
1055 2884 1150 2924 usuras
1173 2871 1260 2924 bobas
1283 2876 1378 2924 contra
1400 2886 1477 2943 quem
1495 2868 1630 2939 supplicas
1647 2871 1792 2939 stipulatus
1809 2870 1850 2924 eei

228 2935 267 2995 13
292 2935 367 2991 idern
384 2938 416 2991 A.
435 2936 555 2992 Iohanni
593 2954 624 3020 p.
666 2937 732 2992 Cum
749 2938 808 3007 quis
826 2939 944 3007 legatum
961 2938 1002 2993 rel
1054 2938 1122 2992 laisa
1143 2945 1252 2991 mutuae
1275 2937 1353 2991 datae
1376 2936 1533 3006 quantitatis
1563 2937 1755 2991 demonstratio
1783 2953 1850 3006 praa

193 3004 426 3060 fideicommissum
441 3009 536 3073 utpote
550 2956 602 3060 εἰζι
612 3005 737 3060 relictum
749 3006 872 3074 exigebat
884 3010 1002 3062 attesta·
1053 3005 1146 3069 misse,
1180 3016 1239 3059 eum
1265 3004 1434 3072 obligationis
1456 3016 1513 3058 non
1534 3002 1675 3059 'deiecerat
1701 3005 1852 3067 substantia,

193 3078 281 3125 mento
304 3071 375 3125 torte
397 3087 452 3126 non
474 3080 619 3141 apparente
642 3089 691 3141 pro
713 3088 745 3127 eo
764 3069 999 3128 sacramentumei
1054 3073 1193 3143 quominus
1216 3088 1249 3125 us
1268 3088 1301 3126 ae
1319 3073 1354 3126 ad
1371 3072 1478 3126 modum
1494 3072 1624 3141 placitum
1641 3086 1740 3127 usurae
1753 3074 1852 3141 ,possint

193 3140 226 3192 sb
250 3138 348 3192 herede
370 3139 486 3193 delatum
510 3148 551 3193 est
572 3143 600 3194 et
619 3140 643 3194 is
659 3139 813 3207 religionem
831 3152 906 3195 suem
921 3152 1001 3220 pree·
1055 3147 1065 3194 1
1103 3139 1179 3207 exigi,
1198 3090 1267 3192 nihii
1281 3146 1367 3193 nocet.
1403 3139 1432 3192 Si
1449 3152 1510 3193 vero
1535 3139 1603 3192 citra
1620 3139 1754 3193 vinculum
1776 3141 1851 3208 stipu-
1878 3120 1879 3215 i

193 3207 286 3273 stavit,
314 3205 456 3260 adfirmans
482 3206 534 3262 sibi
559 3206 675 3288 legatum
700 3207 742 3261 vel
770 3207 1002 3263 fideicommissum
1052 3206 1160 3263 lationis
1178 3212 1283 3260 tantum
1307 3212 1426 3259 mutuam
1449 3208 1589 3285 pecuniam
1613 3206 1703 3261 demur
1724 3208 1850 3283 eomerip
1878 3242 1879 3275 ,

193 3272 348 3327 derelictum
365 3289 433 3336 esse,
452 3277 529 3328 etex
546 3274 698 3329 hmusmodi
715 3278 874 3330 testamento
891 3275 1002 3343 idquod
1053 3282 1108 3327 tum
1133 3278 1174 3327 est
1197 3281 1224 3328 et
1246 3275 1303 3328 eius
1325 3281 1457 3353 praestan
1475 3274 1553 3328 tenus
1571 3274 1706 3337 convenit,
1731 3274 1851 3328 simulans
1878 3340 1879 3345 ἵ

212 3341 320 3395 etebet⁸
341 3348 500 3395 consecutus
525 3347 580 3405 est,
603 3349 697 3411 postea
720 3346 809 3395 eutem
832 3342 1002 3397 menifestum
1053 3356 1102 3412 pro
1134 3341 1239 3395 infectis
1270 3341 1367 3395 habitis
1399 3340 1550 3395 huiusmodi
1576 3342 1703 3411 placitum
1736 3341 1800 3395 urbii
1824 3340 1851 3392 de

192 3358 294 3488 factum
318 3410 359 3462 est
380 3407 448 3461 nibil
465 3409 490 3462 ei
507 3409 614 3477 penitus
631 3409 716 3463 luisse
738 3409 908 3476 derelictum,
931 3409 1002 3529 apud
1053 3409 1222 3478 praecedenti
1240 3409 1351 3461 mutavit
1369 3408 1537 3476 obligatione.
1573 3408 1601 3462 S.
1612 3422 1655 3463 st
1669 3408 1695 3463 lc.
1706 3408 1848 3463 Dec.¹⁰.iA.

192 3479 316 3543 aanuos
343 3476 532 3543 quaerebatur,
564 3480 654 3529 utrum
679 3476 850 3530 iureiurando
877 3482 938 3531 stan
957 3492 1002 3530 um
1053 3492 1139 3530 essese.
1615 3522 1618 3525 .
1747 3481 1780 3540 [a
1798 3477 1849 3535 till

193 3548 241 3607 cst,
260 3556 295 3596 en
312 3543 454 3597 restituere
471 3542 550 3598 debet
566 3544 618 3598 hoc
636 3543 706 3611 quod
725 3557 789 3597 ecce
809 3543 842 3596 it:
864 3544 914 3607 ret,
932 3544 955 3597 si
972 3558 1003 3597 re
1087 3540 1200 3599 'illlam
1218 3544 1272 3596 ΛΑ.
1297 3550 1323 3596 et
1348 3538 1395 3596 CC.
1420 3536 1600 3597 Pastraneiae.
1640 3540 1702 3597 iios
1720 3542 1788 3596 unde
1803 3540 1847 3593 oti·
1878 3560 1879 3565 ¹

193 3624 256 3663 tera
276 3610 301 3663 ei
324 3610 446 3663 relictum
465 3610 554 3664 iuerat
571 3610 686 3691 legatum
703 3610 779 3664 velli
799 3612 1001 3674 eicommissum,
1052 3610 1139 3678 ginm
1163 3611 1279 3688 ‘petuma
1304 3623 1373 3677 quse
1399 3615 1491 3664 mutuo
1517 3609 1597 3664 detur
1622 3608 1716 3674 hebet,
1741 3609 1788 3664 sed
1810 3606 1848 3675 qui
1878 3618 1879 3669 Τ

193 3676 216 3730 si
239 3677 331 3731 demus
354 3677 489 3731 licentiam
516 3678 607 3732 heredi
629 3677 790 3741 Falcidiam,
814 3679 838 3732 si
860 3682 1001 3747 competet,
1053 3682 1186 3732 contraxit
1215 3677 1266 3730 si¹¹
1297 3676 1434 3758 propriam
1458 3678 1618 3741 numerarii,
1650 3677 1679 3732 in
1709 3674 1847 3730 huiusmodi

195 3751 205 3798 1
244 3758 277 3823 ⁰¹.
293 3745 346 3797 hoc
362 3744 485 3798 retinere.
521 3745 606 3799 Nobis
629 3744 720 3825 itaque
743 3745 836 3799 metim
853 3745 938 3799 νίειιιιι
961 3749 1003 3799 εει
1053 3744 1259 3813 obligationibus
1276 3745 1428 3812 reqmritur.
1464 3743 1492 3799 S.
1508 3760 1525 3797 r
1539 3743 1698 3799 non.Ost.¹⁰
1712 3745 1845 3798 Simila

193 3811 396 3931 diupistiiitisbinoedi
410 3812 532 3957 mildi)
542 3812 923 3944 pgtcgulerceoimarcneesgrepe’nrssietgr
924 3827 1003 3934 11έὲὓεῖ
1052 3824 1199 3937 coiissislsrn
1211 3880 1266 3931 ΛΑ.
1285 3889 1312 3933 et
1324 3876 1370 3933 CC.
1390 3874 1519 3933 Ρνοιιιιο.
1545 3874 1584 3932 st
1601 3892 1649 3948 pro
1667 3813 1847 3948 ustuiapffl

193 3960 284 3999 rerum
306 3945 389 3999 fuerit
410 3952 557 4009 inventum,
602 3952 695 3999 uertee
717 3946 895 4001 detentionem
917 3946 1001 4001 intro·
1053 3945 1105 4011 nia,
1137 3962 1197 3999 nam
1211 3962 1227 4000 a
1241 3946 1521 4025 creditoreposeebss,
1538 3954 1674 4014 argentum
1687 3948 1728 4000 rel
1743 3948 1848 3999 iumenta

193 4012 256 4093 duci
285 4012 435 4093 (ettamen
466 4014 554 4093 locum
585 3963 703 4075 debeat).
734 4029 768 4069 ne
800 4014 861 4093 quis
891 4030 924 4067 ex
943 4015 1002 4093 'hoc
1052 4013 1093 4067 rel
1102 3962 1173 4093 aiios
1191 4013 1293 4083 species
1303 4015 1324 4046 ¹²
1343 4020 1479 4093 utriusque
1494 4026 1625 4091 censensu
1643 4016 1796 4068 aestimatas
1811 4027 1848 4064 se·

193 4079 290 4133 delicto
313 4081 365 4133 mbr
388 4081 492 4135 lucrum
515 4081 624 4149 impium
650 4081 755 4134 adferre
776 4088 876 4135 noetus
899 4082 1002 4149 legibus
1052 4085 1160 4150 cepisti,
1183 4080 1245 4134 dato
1268 4096 1335 4135 euro
1357 4098 1385 4149 pr
1421 4096 1475 4146 orr,
1497 4080 1561 4134 hcet
1582 4081 1653 4134 ultre
1669 4082 1779 4134 unam¹³
1795 4094 1848 4133 cen·

195 4146 363 4200 concedatur.
408 4146 441 4202 n.
465 4163 510 4203 ιι
531 4147 557 4202 is.
582 4147 650 4202 Non.
678 4148 914 4219 Constantinopoli
934 4155 1002 4220 post
1052 4149 1171 4202 msimam
1194 4160 1291 4202 usuras
1314 4147 1454 4216 stipuanti
1478 4148 1655 4216 spopondisti,
1681 4156 1769 4202 tamen
1791 4161 1847 4201 sors.

193 4212 363 4267 tesselatum
381 4211 526 4287 lampadii
542 4221 570 4270 et
588 4215 699 4269 Oresta
717 4232 755 4270 ns.
773 4231 810 4269 cc.
888 4221 922 4280 [a.
942 4220 1000 4281 5311
1052 4228 1120 4283 quae
1147 4216 1330 4269 aestimatione
1356 4215 1471 4294 partium
1495 4214 1594 4284 placito
1619 4216 1729 4269 delinita
1751 4223 1803 4279 est,
1826 4220 1847 4265 tt

1052 4294 1194 4337 usurarum
1217 4284 1293 4337 titulo
1317 4284 1342 4337 le
1368 4283 1434 4336 tima
1456 4290 1559 4335 tautum
1576 4291 1649 4336 recte
1665 4283 1773 4350 petitur.
1806 4294 1845 4333 nee

1053 4350 1193 4429 quicquam
1220 4350 1268 4403 tibi
1294 4298 1422 4419 prodesse
1447 4357 1547 4418 potest,
1574 4350 1645 4417 quod
1668 4351 1775 4404 minoris
1796 4361 1844 4401 esst
1878 4362 1879 4377 ¹

573 4419 624 4479 11,⁴
1052 4414 1129 4486 pretii
1146 4418 1241 4487 pignus
1278 4418 1331 4471 uod
1349 4416 1445 4471 dedisti
1462 4415 1598 4485 proponis,
1621 4418 1761 4486 quominus
1778 4414 1843 4469 hun
1878 4434 1879 4439 ¹

411 4517 443 4568 31
461 4516 600 4569 OERTUM
616 4517 779 4569 PETATUR
1052 4484 1210 4552 quantitatis
1234 4433 1360 4539 sedatium
1381 4498 1485 4554 pareas.
1528 4484 1555 4537 S.
1577 4498 1646 4538 rins
1674 4484 1700 4538 ic.
1719 4485 1776 4616 listis.
1794 4483 1843 4607 2A913iI
1878 4456 1879 4513 i

1052 4566 1139 4605 censs.
1754 4566 1777 4604 a.

228 4615 242 4674 1
269 4613 357 4689 httpp.
383 4613 498 4670 Seuerum
525 4623 552 4670 et
578 4616 733 4670 Antoninus
755 4616 810 4669 ΑΛ.
836 4614 999 4671 Modestiae.
1085 4615 1381 4675 attenuasset.
1400 4617 1566 4672 Alexandro.
1602 4616 1668 4671 Cum
1684 4624 1713 4672 te
1730 4614 1843 4671 tn‘ttstte

192 4682 285 4752 Neque
303 4698 415 4753 aequam
431 4698 518 4764 neque
534 4683 661 4737 usitatam
674 4698 731 4737 rem
746 4682 889 4751 dedimus,
906 4691 937 4736 ut
952 4699 1000 4737 aes
1052 4700 1112 4738 cum
1131 4685 1281 4754 Synmopbo
1305 4690 1406 4739 camum
1430 4686 1489 4739 euri
1512 4684 1617 4753 pondus
1634 4685 1750 4753 itemque
1765 4696 1842 4737 nume·

193 4750 307 4805 alienum
330 4750 415 4819 patris
438 4758 479 4803 tun
501 4764 555 4804 non
596 4767 626 4804 ro
648 4750 816 4819 portionibus
831 4748 1000 4805 hereditariis
1051 4756 1136 4805 ratam
1160 4752 1300 4821 pecuniam
1325 4760 1417 4806 mutuo
1434 4752 1552 4818 dedisse,
1574 4759 1604 4805 ut
1621 4750 1724 4807 Romae
1741 4752 1841 4805 rottae
1878 4784 1879 4807 ;

194 4818 336 4872 exsolvatis
352 4823 384 4871 tu
401 4821 429 4871 et
444 4817 530 4871 frater
547 4767 675 4872 cogeres5
690 4823 763 4882 tuus,
787 4816 834 4871 sed
850 4832 900 4886 pro
913 4818 1000 4873 sesti
1051 4825 1109 4883 tur,
1132 4816 1256 4889 precibus
1275 4818 1428 4883 adseveras,
1450 4818 1539 4873 aditus
1558 4824 1713 4900 competens
1727 4819 1808 4880 index,
1823 4814 1841 4866 εἰ

193 4886 309 4955 statione
335 4896 429 4938 ’rerum
460 4885 683 4954 praelegatum,
715 4900 775 4938 cum
807 4884 844 4938 sit
867 4884 1001 4954 explorati
1051 4885 1118 4941 duos
1141 4896 1201 4940 reos
1223 4886 1369 4955 stipulandi
1391 4887 1432 4939 rel
1451 4902 1483 4939 re
1506 4900 1555 4955 pro
1579 4887 1663 4940 sobdo
1687 4887 1735 4940 tibi
1753 4896 1841 4953 queen·
1878 4904 1879 4941 ι

193 4952 259 5005 iuris
275 4952 437 5006 hereditaria
454 4967 537 5006 ouem
558 4953 593 5006 ad
611 4953 725 5020 scriptos
742 4952 853 5006 heredes
871 4966 921 5032 pro
937 4966 1000 5021 por-
1050 4960 1105 5006 tem
1125 4955 1259 5007 actionem
1277 4955 1331 5008 sire
1355 4955 1389 5006 ab
1406 4952 1549 5008 heredibus
1566 4954 1713 5023 Syntrnpbl
1728 4964 1840 5024 procura·
1878 4992 1879 4997 1

193 5019 310 5073 donibus
327 5020 502 5086 hereditariis,
520 5036 574 5073 non
592 5032 640 5088 pto
659 5020 735 5073 modo
752 5020 923 5073 emolumenti
939 5032 1000 5087 per·
1050 5028 1134 5074 torem
1151 5027 1179 5073 te
1192 5021 1528 5086 iactumanimedrerterit,
1547 5028 1631 5074 totum
1647 5021 1770 5085 debitum,
1787 5018 1840 5072 sto·
1878 5036 1879 5051 ι

194 5088 286 5139 tinere.
322 5087 392 5155 quod
409 5100 460 5140 nee
481 5087 490 5140 i
508 5101 538 5140 se
554 5088 676 5154 igrorme
693 5086 814 5153 otdertst,
838 5100 898 5139 eum
916 5087 1000 5140 credi·
1068 5089 1115 5141 nin
1133 5088 1318 5157 quod'tledisti
1336 5088 1421 5142 samm
1438 5089 1543 5142 restitui
1560 5089 1609 5142 tibi
1626 5084 1735 5143 iubebit
1769 5084 1793 5140 S.
1808 5095 1843 5138 st
1878 5112 1879 5129 ι

193 5153 296 5207 totilum
322 5153 468 5207 secundum
491 5103 604 5232 faunam
634 5154 701 5232 iuris
728 5169 777 5222 pro
803 5154 926 5223 portione
952 5158 1001 5207 tua
1050 5106 1076 5209 ic
1096 5154 1156 5209 Ian.
1173 5158 1229 5208 Ast,
1248 5170 1334 5209 coires.
1741 5152 1839 5221 [astu]

195 5220 303 5274 careth.
339 5220 372 5275 li.
389 5221 480 5275 ialal.
501 5222 593 5310 itione
610 5230 636 5275 et
649 5220 751 5274 Libone
768 5236 854 5276 conss.
890 5225 924 5286 [a.
940 5226 999 5285 tot]
1084 5221 1125 5280 lb
1147 5221 1243 5276 u‘Ideni
1258 5225 1313 5276 ΛΑ.
1333 5229 1359 5277 ei
1377 5221 1424 5277 00.
1444 5221 1530 5294 dcvi
1543 5220 1682 5294 'Crimina
1713 5217 1839 5289 tinguet

210 5335 322 5342 ..n-ff...-
404 5336 454 5342 ........
475 5336 587 5342 -..ψ
601 5336 648 5341 ...ρ
1257 5336 1348 5341 .-...-

193 5390 224 5451 (ι)
243 5403 271 5438 ex
290 5385 353 5449 Pt‘,
371 5402 416 5438 nee
434 5404 463 5439 ex
481 5390 513 5449 tt,
531 5400 576 5440 uec
598 5389 630 5439 0⁰
710 5388 998 5453 (meruscalis,
1052 5389 1087 5453 (a)
1105 5385 1195 5440 estR’
1212 5401 1275 5441 recte
1359 5391 1405 5453 (1ο)
1423 5391 1571 5442 mentiret
1589 5391 1655 5442 usit
1674 5400 1792 5456 emmiu
1809 5394 1838 5436 θ’(

193 5456 220 5505 k.
238 5468 294 5519 aug.
313 5455 339 5507 P
411 5458 444 5517 (ε)
461 5458 497 5506 stc
517 5456 581 5517 Uitr,
597 5455 711 5521 placebat
729 5457 785 5506 ΡΗ(
862 5457 896 5519 (ι)
916 5458 941 5507 Β
959 5459 1000 5517 23,
1052 5460 1094 5521 (ιι)
1112 5461 1142 5506 ut
1164 5460 1208 5508 ins.
1228 5458 1284 5507 ders
1370 5458 1416 5523 (ιι)
1434 5459 1470 5508 sie
1489 5455 1541 5521 Oli,
1563 5473 1602 5508 ras
1620 5458 1649 5523 Ρ,
1666 5448 1835 5531 asiypsrsli

193 5533 248 5583 1,4ι
265 5542 379 5587 seq.—
397 5523 504 5591 CfiDt'y·
521 5526 576 5579 i‘i.t
646 5528 679 5583 tt)
696 5524 797 5573 coheres
814 5542 858 5575 ont.
877 5525 999 5587 Bina.)
1052 5528 1097 5587 (lt)
1114 5534 1189 5573 uuam
1202 5542 1246 5575 crs.
1261 5525 1316 5574 dett.
1333 5525 1426 5576 camB
1467 5526 1512 5589 (tt)
1530 5526 1716 5592 integretati
1756 5525 1833 5587 (ibid¹

193 5588 228 5651 (ο)
246 5591 282 5641 sie
301 5541 346 5642 gli
367 5608 417 5640 wis
436 5590 463 5640 B
480 5592 571 5651 inni,
600 5602 646 5640 nee
668 5592 784 5653 ignorare
807 5588 922 5641 debueris
944 5596 998 5651 (οιιι.
1050 5595 1076 5654 l,
1093 5603 1130 5655 ta,
1148 5601 1180 5655 11,
1198 5610 1242 5643 orn.
1262 5591 1320 5642 birri

193 5657 257 5723 ipse)
275 5656 301 5708 P
364 5660 464 5721 (tirus
482 5658 630 5720 Hal.,v11u
650 5658 674 5706 P
736 5662 771 5721 (ι)
787 5658 809 5707 si
826 5659 859 5721 ll,
870 5660 897 5707 *si
914 5659 1003 5724 proC
