3796 6194
155 2150 157 2153 ’
261 2144 281 2204 2

227 280 298 346 117

261 458 299 519 18
326 458 433 517 Ὀὐδεὶς
454 463 567 530 ἐπιτιμᾷ
589 466 645 515 τοῖς
664 462 695 514 ἐν
711 456 786 524 τάξει
802 449 862 513 οἶοι
880 454 1033 532 δικοῖὁγοις,

292 531 318 582 ri
333 530 370 598 μὴ
386 525 504 599 privavi
522 531 580 583 τῶν
597 534 774 602 πραιτωρίοιιι
790 530 912 601 ἔπαρχος.

262 595 300 654 19
323 596 412 663 ²illi‘pra
438 616 460 652 τι
504 595 510 615 ’
537 617 593 651 τινι
614 598 673 649 τῶν
694 594 836 661 ἀκόντιον
862 595 931 664 μήτε
960 593 1034 667 παρὰ

292 662 443 731 διαιτηταῖς
487 662 520 718 rio
545 660 685 736 οννῆγοροι
713 616 892 728 illaqueans
917 661 1034 731 ἀναβαλ·

292 732 441 785 &adaeus
463 731 513 815 ripa
534 734 583 785 τοῦ
607 730 764 821 πράγματος
785 737 875 817 κρίσιν
901 751 939 803 πρ
985 729 1035 782 ’σει

291 806 384 872 τρίτου
408 798 558 871 incoepero,
581 795 631 852 ‹lii
668 800 863 870 ανυπερθιταις
885 750 1035 865 spodium

292 864 518 940 ὃςιιολυγείςοισαν
534 867 562 920 oc'
578 864 626 920 daie
643 866 783 937 παρόντος.

224 934 258 990 Ι),
273 950 303 989 vr
318 935 344 989 lc.
356 934 416 989 Ῑοιι.
437 934 675 1006 Comtoutincpoli
687 934 813 1006 Lortpino
829 948 902 987 οοιις.
930 938 964 997 [ο.
975 936 1035 996 486]

259 1000 300 1060 20
319 1002 401 1070 (VIII,
419 1008 444 1067 i)
462 1001 543 1079 ³1mp.
553 1002 715 1056 Anastasius
725 1008 756 1055 Α.
766 1000 885 1055 Eusebio
903 1000 1035 1070 raupiciro

226 1071 391 1141 officiorum.
433 1070 631 1138 suggestionem
655 1069 705 1123 viri
725 1069 837 1123 illustris
858 1068 963 1122 comitis
980 1066 1034 1135 pri-

224 1144 346 1191 vatarum
367 1143 395 1192 et
410 1137 580 1206 proconsulis
593 1137 678 1219 'Anae
695 1136 823 1216 dnuimus'
836 1134 1034 1235 admittendam}

224 1221 274 1326 iri
291 1201 1033 1350 aaarcarmanialacunarium.

225 1340 311 1405 lasse,
335 1346 380 1403 ut,
407 1347 549 1408 postquam
572 1339 753 1393 advocationis
777 1339 949 1406 deposuerint
975 1337 1035 1391 nih·

227 1408 303 1469 cium,
322 1406 451 1474 dignitate
469 1407 584 1476 quadam
601 1412 694 1460 nostra
710 1405 868 1460 liberalitate
888 1405 1032 1472 potiamur.

228 1481 238 1527 t
267 1474 492 1542 Iubemusitaque
501 1483 563 1542 post
572 1473 730 1542 depositum,
744 1479 775 1527 ut
784 1472 883 1526 dictum
893 1477 943 1535 est,
957 1486 1034 1540 prae·

225 1541 310 1597 latum
333 1540 451 1595 officium
474 1556 687 1608 unumquemque
709 1556 813 1604 eorum,
837 1539 883 1608 qul
904 1539 933 1593 in
957 1554 1034 1607 prae·

226 1608 295 1662 senti
312 1615 377 1662 sunt
394 1608 436 1662 vel
452 1613 547 1678 postea
564 1607 712 1662 matriculis
736 1622 827 1662 eorum
848 1622 897 1675 pro
915 1612 1035 1673 tempore

225 1675 325 1729 fuerint
341 1675 443 1739 inserti,
465 1675 605 1729 clarissimi
622 1674 718 1743 primil
735 1675 835 1728 ordinis
853 1673 958 1727 comitis
974 1690 1034 1742 per·

226 1743 280 1796 lrui
304 1743 444 1823 dignitate
485 1748 599 1797 uatenus
620 1749 647 1796 et
668 1749 786 1809 ternpore
804 1741 900 1810 quietis
917 1740 1035 1794 fructum

226 1815 431 1880 praetentorum
447 1760 569 1864 lahorem
586 1817 784 1877 consequantur
803 1824 907 1877 proque
924 1808 976 1862 lide
993 1812 1035 1861 at·

226 1874 1036 2011 rariilnuraauaaaaaalmaaaran

226 2014 277 2066 nris
293 2012 386 2067 merito
404 2016 637 2067 connumerentur.
676 2010 709 2066 D.
730 2024 757 2065 ιι
777 2011 804 2065 Ιι.
823 2010 882 2065 Ιοιι.
904 2010 1035 2064 Conuiuia·

227 2083 284 2136 uno
305 2081 344 2133 oli
361 2081 508 2135 Αιιοοιαιὲο
525 2081 557 2134 A.
576 2094 604 2134 11
619 2095 693 2133 cons.
922 2084 956 2142 [a.
975 2081 1034 2140 tut]

280 2097 360 2213 iffi)
379 2147 467 2201 “luem
484 2148 515 2201 Α.
536 2146 654 2201 Ἠιοοιοι
686 2163 716 2218 ρ.
729 2162 784 2218 per
802 2143 951 2219 illyricum.
978 2145 1034 2198 Ad·

226 2221 335 2269 vocatos
353 2215 531 2285 amplissimae
548 2220 611 2268 tuae
628 2230 640 2268 s
677 2215 712 2280 ἰ,
736 2214 781 2282 qui
797 2229 847 2281 pro
864 2219 984 2281 tempore
1001 2212 1036 2265 ad

226 2283 286 2337 fisci
309 2283 417 2403 patroni
440 2282 552 2350 pradum
574 2289 601 2335 et
623 2281 740 2335 officinm
766 2280 959 2358 provebuntur,¹
982 2294 1036 2334 una

228 2366 288 2403 eum
325 2350 405 2403 'bens
429 2351 484 2402 iam
508 2349 579 2403 natis
604 2349 648 2402 vel
678 2355 773 2416 postea
802 2346 974 2417 procreandis
1001 2348 1035 2400 ab

227 2418 298 2471 omni
321 2417 466 2472 cohortalis
488 2432 535 2471 seu
552 2415 696 2471 cuiuslibet
716 2415 854 2471 deterioris
872 2414 1035 2495 condicionis

227 2484 333 2539 dnenlo
365 2485 493 2538 mmunes
523 2499 557 2538 ac
582 2484 680 2538 liberos
706 2499 766 2539 cum
796 2483 956 2551 patrimomo
986 2497 1034 2536 sao

228 2552 380 2607 conservari
402 2551 593 2620 praecipimus,
622 2567 682 2605 cum
704 2557 809 2605 constet
831 2550 883 2606 boc
904 2550 958 2604 mm
979 2549 1035 2618 pri·

227 2619 287 2674 dem
316 2624 372 2673 um
402 2619 540 2673 advocatis
571 2618 750 2687 amplissimae
777 2617 962 2699 praetorianae
987 2632 1036 2685 per

227 2688 363 2742 Orientem
385 2702 466 2754 qnam
488 2686 645 2754 magnificae
672 2686 822 2740 urbicanae
850 2684 1035 2755 praefecturae

227 2756 311 2809 ruens
329 2754 582 2809 constitutionibus⁷
598 2769 659 2807 esse
672 2753 802 2807 indultum
817 2758 845 2807 et
858 2768 912 2807 non
926 2752 1035 2807 dubium

228 2823 263 2876 sit
283 2838 337 2877 non
360 2825 466 2876 tantmn
487 2836 546 2887 eas,
569 2821 616 2876 sed
639 2822 718 2875 etiarn
741 2820 944 2875 sublimissimae
972 2825 1035 2874 tuae

227 2889 297 2943 sedis
322 2904 461 2968 germanm
488 2903 547 2942 esse
571 2892 727 2957 potarum
771 2887 804 2942 Ι).
825 2891 891 2942 111⁸
916 2886 942 2941 Ιι.
969 2886 1033 2941 aec.

227 2955 351 3011 Ροινίοιο
368 2962 396 3011 ct
411 2955 536 3027 Hypatio
554 2972 641 3010 conss.
920 2959 954 3019 [a
973 2958 1032 3017 500]

266 3020 307 3080 22
331 3020 370 3091 (3)
393 3021 469 3077 Idem
491 3025 523 3078 A.
548 3021 725 3077 Constantino
741 3040 789 3092 pp.
825 3021 968 3076 ⁹iubemus
985 3038 1034 3090 pro

227 3098 346 3171 tempore
362 3091 502 3160 primatem
518 3090 709 3145 advocatorum
726 3089 777 3142 lori
791 3089 841 3141 viri
858 3089 968 3143 illustris
989 3105 1035 3143 co·

228 3160 298 3212 mitra
317 3157 433 3212 Orientis
455 3172 505 3226 per
526 3158 660 3212 biennium
683 3156 743 3210 fisci
759 3156 866 3223 patroni
882 3156 957 3223 iungi
974 3155 1034 3210 offi-

1029 271 1087 343 Μ

1635 295 1682 343 ΒΕ
1702 294 1866 345 sevocata

1085 458 1174 514 allicio
1191 458 1233 512 vel
1250 473 1349 521 eorum,
1374 459 1420 528 qui
1437 458 1496 514 fisci
1512 462 1687 528 patronatum
1703 460 1868 530 deposnerunt

1084 526 1257 595 superstitum
1279 526 1320 581 vel
1337 534 1516 591 mortuorum,
1540 528 1674 583 extraneis
1695 529 1731 583 ad
1748 528 1812 584 idem
1825 530 1868 583 oii-

1085 594 1154 648 cium
1188 593 1377 649 accedentibus
1411 596 1538 675 anteponi
1570 596 1649 664 eique
1722 597 1756 650 tis
1781 604 1807 651 et
1827 599 1869 650 sine

1084 661 1234 730 sumptibus
1258 662 1368 727 sociari,
1392 662 1414 716 si
1432 663 1539 731 stipsi,
1563 670 1645 731 prout
1686 663 1820 733 'positum
1834 673 1871 723 est

1085 734 1100 784 6
1140 730 1219 784 solito
1242 736 1361 798 tempore
1384 729 1471 798 legum
1493 730 1643 785 doctrinam
1664 732 1812 786 meruerint.
1846 732 1872 785 ll

1084 802 1174 850 autem
1191 797 1246 861 bis,
1270 797 1315 865 qui
1332 797 1390 850 fisci
1407 799 1514 865 patroni
1530 798 1649 852 officium
1667 799 1759 868 adepti
1773 804 1830 853 sunt
1843 802 1872 851 rel

1085 865 1197 928 inerint,
1221 880 1274 919 non
1297 871 1401 918 tantum
1424 866 1621 932 superstitibus,
1644 865 1693 921 sed
1709 867 1790 921 etiam
1804 870 1873 920 mone

1084 933 1235 1001 praeventis
1252 932 1437 1000 prospiciatur,
1454 939 1510 986 tam
1528 933 1562 987 ad
1579 933 1692 988 heredes
1706 934 1765 988 fisci
1777 934 1873 1003 patroni,

1085 999 1130 1068 qui
1146 1000 1227 1055 semel
1244 1000 1278 1053 ad
1295 1000 1376 1052 talem
1392 999 1504 1068 madum
1522 1008 1632 1055 vocatus
1649 1002 1694 1064 sit,
1718 1001 1818 1056 solacia
1830 1002 1874 1054 eius

1084 1067 1199 1121 mansue
1215 1067 1310 1136 bisque
1327 1067 1440 1129 servari,
1464 1083 1544 1136 quam
1560 1069 1642 1138 ipsos,
1663 1068 1710 1136 qui
1725 1068 1786 1122 fisci
1801 1073 1874 1136 patro

1085 1140 1177 1188 natum
1198 1134 1253 1188 iam
1275 1135 1455 1203 deposuerunt
1476 1136 1517 1189 vel
1538 1142 1633 1204 postea
1650 1136 1824 1218 deposuerint
1839 1137 1875 1188 mi-

1085 1203 1156 1255 nime
1172 1201 1315 1255 cuiuslibet
1336 1209 1414 1256 actus
1431 1202 1533 1271 publici
1552 1202 1758 1258 solbeitudmem
1775 1203 1890 1259 nolcnta

1086 1269 1176 1323 subire
1193 1285 1251 1323 com
1271 1269 1314 1324 elli
1329 1285 1379 1323 nec
1392 1269 1562 1324 exhibitionis
1571 1286 1619 1324 seu
1633 1270 1799 1325 deductionis
1812 1274 1890 1324 onus*

1085 1335 1137 1390 nisi
1158 1287 1451 1404 spanhemensis
1475 1341 1567 1391 nostra
1590 1338 1727 1392 molestari
1742 1343 1771 1391 ct
1787 1338 1813 1390 in
1827 1344 1890 1409 pra]

1085 1403 1172 1456 vincia
1188 1403 1351 1457 incusandos
1368 1419 1417 1473 per
1432 1405 1590 1459 sententiam
1608 1405 1657 1459 viri
1677 1405 1830 1485 spectabilis
1845 1412 1890 1457 cu?

1084 1471 1157 1524 mitis
1183 1470 1299 1525 Orientis
1325 1475 1420 1539 utpote
1446 1472 1620 1540 competentis
1642 1471 1737 1526 iudicis
1761 1462 1890 1525 conranni

1085 1545 1166 1607 atqrae
1187 1537 1292 1606 litigare
1315 1538 1489 1596 decernimus.
1531 1538 1565 1594 Ι).
1584 1538 1610 1593 lc.
1635 1537 1687 1593 Iul.
1698 1541 1719 1573 ¹⁰
1743 1540 1877 1594 thustcoui·

1085 1623 1121 1659 no
1143 1605 1181 1659 cli
1199 1604 1350 1660 Sabiniano
1368 1612 1395 1660 et
1413 1605 1556 1661 Theodoro
1574 1623 1661 1662 covus.
1782 1612 1816 1670 [a.
1835 1610 1876 1668 cuv

1116 1622 1160 1730 {3
1183 1672 1225 1740 (4)
1246 1671 1323 1727 idem
1346 1676 1377 1727 A.
1396 1671 1543 1727 Evurtothio
1556 1691 1607 1794 pp.
1646 1672 1796 1728 Laudahde
1811 1674 1874 1726 vitre

1086 1756 1137 1809 que
1170 1740 1307 1795 bominum
1341 1740 1521 1795 necessarium
1555 1741 1737 1796 evocationis
1777 1741 1875 1795 officim

1085 1808 1199 1863 maxime
1221 1807 1416 1877 principalibus
1438 1808 1563 1875 praemiis
1587 1814 1694 1888 oportet
1722 1809 1877 1863 remunmari

1088 1881 1099 1929 t
1135 1875 1251 1944 Ideoque
1273 1876 1394 1930 iubemus
1411 1875 1484 1929 viros
1510 1875 1671 1930 clarissimos
1689 1875 1749 1930 tisci
1764 1891 1813 1945 pro
1831 1883 1879 1929 aa

1086 1956 1151 2010 pere
1183 1948 1312 2011 patronos
1343 1942 1395 1997 lori
1424 1948 1488 1997 tuae
1515 1942 1679 1997 celsitudinis
1705 1943 1828 1997 sollemni
1851 1943 1890 2007 dei

1085 2004 1890 2081 tesdutatissalendarumlanuariarnmipsiustantummodog

1085 2078 1163 2143 anni,
1186 2093 1234 2146 per
1258 2094 1336 2158 quem
1358 2077 1412 2131 tale
1435 2084 1567 2146 peragunt
1584 2077 1710 2145 officium,
1733 2080 1804 2133 inter
1818 2092 1890 2148 spec,

1087 2145 1183 2201 tabiles
1200 2161 1271 2199 sacrr
1289 2145 1375 2199 nostri
1393 2145 1545 2200 consistorii
1562 2146 1672 2201 comites
1687 2145 1778 2200 divina
1790 2152 1890 2205 noma

1086 2217 1102 2266 2
1135 2213 1286 2267 serenitatis
1304 2227 1385 2266 mann
1402 2214 1524 2281 puncti¹¹
1545 2212 1672 2282 consequi
1689 2212 1829 2268 sabaium
1856 2212 1890 2277 Et

1085 2286 1228 2360 postquam
1243 2281 1298 2334 tale
1316 2280 1487 2349 deposuerint
1504 2280 1635 2344 officinm,
1657 2280 1682 2335 si
1704 2280 1813 2351 quidem
1829 2280 1890 2335 tilios:

1086 2362 1215 2416 ingenuos
1232 2346 1357 2410 babeant,
1383 2363 1429 2401 eos
1447 2348 1656 2404 clarissimorum
1671 2348 1839 2403 notariorum
1852 2347 1890 2399 iri-2

1085 2415 1139 2471 seri
1163 2415 1297 2469 consortio
1324 2415 1507 2478 tribunorum,
1531 2431 1623 2471 sacras
1647 2416 1743 2471 solitas
1769 2415 1882 2485 epistda

1087 2488 1102 2536 3
1138 2482 1196 2537 sine
1212 2482 1328 2551 quadam
1345 2482 1465 2550 suffragii
1483 2483 1616 2539 solutione
1632 2489 1821 2552 percepturos.
1856 2481 1882 2534 a

1085 2550 1110 2604 si
1138 2550 1198 2617 quis
1230 2566 1278 2618 per
1310 2551 1468 2604 seutentiam
1493 2551 1666 2605 sublimitatis
1691 2557 1756 2605 tuae
1782 2550 1890 2613 monus

1086 2634 1166 2686 super
1189 2618 1280 2684 agnito
1304 2617 1394 2671 debito
1418 2619 1458 2672 vel
1476 2618 1568 2686 agnita
1591 2633 1688 2683 causa,
1711 2633 1784 2697 quae
1802 2616 1890 2685 ingan

1086 2691 1131 2738 tur
1148 2685 1186 2751 ei,
1210 2685 1403 2739 confessionem
1421 2699 1553 2753 exponere
1570 2694 1681 2753 paratus
1699 2692 1743 2752 ut,
1766 2701 1830 2740 eam
1844 2690 1890 2737 nor

1087 2754 1187 2806 arbitro
1206 2752 1335 2819 delegato,
1354 2753 1401 2806 sed
1417 2759 1483 2807 tunc
1501 2754 1627 2822 temporis
1645 2752 1703 2808 fisci
1719 2749 1880 2821 monna

1085 2820 1206 2874 alterutri
1223 2835 1324 2884 eorum,
1342 2820 1365 2874 si
1382 2820 1450 2874 alter
1467 2819 1561 2875 edesse
1577 2836 1632 2875 non
1647 2820 1741 2890 possit,
1758 2837 1814 2889 pro
1829 2832 1878 2872 mar

1084 2894 1174 2941 tamen
1203 2887 1284 2942 solito
1317 2887 1368 2941 sub
1399 2892 1521 2942 actorum
1551 2886 1740 2941 testificatione
1771 2889 1875 2941 intima

1085 2960 1101 3009 4
1128 2953 1308 3022 Quotiensque
1325 2954 1359 3008 de
1375 2956 1475 3023 nuptiis
1494 2955 1552 3022 quis
1569 2954 1628 3010 sine
1645 2954 1783 3009 dotalibus
1802 2957 1880 3009 instru-

1085 3022 1180 3076 mentis
1198 3029 1290 3075 mutuo
1309 3022 1483 3076 contrahendi
1506 3023 1702 3077 matrimonium
1719 3023 1816 3077 animo
1833 3022 1884 3075 cele

1085 3090 1169 3143 bratis
1192 3104 1274 3157 super
1291 3089 1398 3144 adiectu
1416 3106 1482 3153 suo,
1506 3090 1595 3144 liberis
1613 3105 1646 3144 ex
1664 3089 1822 3145 huiusmodi
1838 3105 1890 3161 con-p

1085 3157 1155 3224 ingio
1178 3157 1230 3209 iam
1254 3158 1408 3211 extantibus
1431 3158 1472 3211 vel
1496 3157 1608 3211 necdum
1629 3159 1799 3226 procreatis,
1818 3155 1890 3224 legib-3

228 3226 269 3280 oio
293 3231 320 3280 et
342 3225 441 3280 solacia
463 3225 515 3279 sihi
538 3225 670 3278 communi
692 3238 824 3277 consensu
842 3221 970 3291 depruma
987 3238 1035 3292 per
1085 3226 1135 3277 mis
1161 3223 1372 3291 adlegationibus
1398 3224 1438 3278 nti
1464 3224 1600 3288 maluerit,
1626 3240 1672 3279 eas
1698 3225 1773 3293 apud
1794 3226 1890 3297 eosdem

228 3294 298 3347 idem
315 3292 449 3347 biennium
467 3293 606 3361 consequi,
629 3293 680 3346 boc
698 3304 804 3359 quoque
819 3294 954 3345 transacto
991 3306 1034 3344 ro·
1085 3307 1134 3359 pro
1151 3295 1271 3359 tempore
1287 3292 1346 3345 fisci
1364 3298 1492 3361 patronos
1502 3293 1543 3347 vel
1561 3293 1726 3358 alterutrum,
1746 3299 1780 3345 ut
1799 3294 1890 3347 uicum

228 3361 370 3416 sessionem
387 3359 567 3414 advocationis
590 3359 623 3414 de
642 3374 735 3413 onere:
760 3357 896 3412 consortio
913 3307 1036 3412 videficet
1085 3365 1139 3422 est,
1162 3375 1255 3413 eorum
1279 3359 1360 3427 gestis
1384 3359 1620 3414 intervenientibus
1643 3359 1840 3415 commendari.
1860 3354 1890 3431 ita*

227 3428 373 3483 conradem
395 3427 583 3482 advocatorum
660 3425 836 3495 quadraginta
853 3425 1035 3479 antummodo
1085 3425 1219 3492 videlicet,
1251 3432 1283 3479 ut
1305 3426 1359 3480 iuri
1385 3428 1506 3495 cognitae
1533 3427 1713 3496 adepsuones
1739 3428 1890 3501 absentibus

227 3496 298 3549 viros
315 3494 466 3562 redigendo,
490 3494 529 3547 ita
546 3500 584 3559 ut,
603 3495 626 3548 si
643 3494 690 3563 qui
704 3491 832 3561 superflui
848 3498 913 3546 sunt
929 3492 982 3546 iam
999 3493 1035 3546 ei·
1084 3494 1221 3562 personis,
1251 3494 1275 3547 si
1307 3509 1376 3562 quae
1405 3501 1573 3564 competunt,
1606 3501 1746 3551 serventur
1770 3496 1890 3573 inmcha'

228 3563 287 3617 dem
314 3563 448 3617 consortio
474 3562 577 3642 sociati²
604 3561 637 3620 de
662 3559 845 3615 advocationis
870 3559 960 3615 officio
986 3561 1035 3613 mi·
1086 3568 1101 3616 5
1135 3561 1185 3615 His
1202 3562 1325 3630 insuper,
1343 3562 1502 3631 quicumque
1520 3562 1592 3632 apud
1608 3564 1680 3618 viros
1696 3563 1836 3631 gloriosos

227 3632 297 3684 nime
323 3630 480 3695 reiciantur,
507 3644 610 3683 nemine
636 3628 689 3684 alio
712 3629 749 3682 eis
771 3627 923 3693 adiciendo,
950 3626 1035 3683 donec
1085 3634 1205 3708 tempore
1228 3630 1351 3683 consules
1368 3630 1502 3699 mancipia
1525 3646 1576 3686 sua
1592 3630 1715 3685 libertate
1732 3631 1841 3685 donare
1889 3672 1890 3703 ,

228 3698 404 3766 qnadraginta
420 3697 537 3752 virorum
559 3712 698 3751 numerum
716 3695 906 3749 advocatorum
924 3710 1034 3750 consor·
1083 3697 1190 3759 ineunt,
1208 3696 1339 3751 antelatos
1357 3696 1416 3752 fisci
1432 3705 1560 3766 patronos
1581 3698 1617 3753 ad
1633 3698 1741 3754 easdem
1758 3698 1890 3765 boemus

229 3773 241 3818 1
285 3766 352 3820 dum
378 3764 506 3819 excedere
533 3763 676 3831 contingat.
721 3763 764 3816 nd
792 3763 859 3816 haec
888 3778 949 3827 eos,
998 3762 1035 3829 ui,
1084 3764 1249 3832 peragendas
1274 3765 1409 3842 propriam
1433 3764 1615 3820 advocationis
1632 3781 1723 3821 vocem
1746 3772 1890 3831 accomma

227 3839 308 3902 prout
330 3836 460 3887 rutatum
481 3835 535 3897 est,
564 3830 624 3886 tisci
645 3830 753 3899 patroni
777 3829 949 3899 deposuerint
975 3779 1035 3885 giti-
1086 3836 1102 3887 6
1136 3831 1201 3885 dare
1232 3831 1300 3886 Alina
1316 3832 1400 3887 nihilo
1417 3833 1503 3887 minus
1518 3833 1668 3902 privilegiis,
1702 3848 1756 3888 uae
1771 3835 1833 3888 iam
1849 3832 1890 3901 pra

228 3903 311 3966 cium,
337 3905 432 3969 postea
458 3914 563 3980 quoqne
588 3913 642 3953 non
673 3897 810 3967 prohiberi
835 3897 954 3965 singrdos
981 3901 1036 3952 um
1085 3898 1145 3953 dem
1161 3898 1312 3953 memoratis
1330 3900 1371 3954 vel
1387 3899 1447 3955 fisci
1467 3900 1588 3968 patronis
1611 3901 1652 3955 vel

227 3985 276 4037 pro
299 3983 330 4022 se
352 3982 432 4036 quam
454 3982 503 4034 pro
524 3966 606 4046 iugali
623 3980 673 4047 spa
690 3970 718 4020 et
735 3972 873 4045 socerotet
889 3979 1035 4045 socrunec

227 4050 409 4157 linuit
425 4032 1036 4170 dallllslhfflll‘alildinfidelit?

1728 3916 1764 3955 uc
1784 3902 1890 3956 adaeus

1085 3966 1165 4021 donis
1195 3982 1244 4035 pro
1276 3973 1395 4035 tempore
1425 3968 1614 4036 peragentibus
1646 3967 1766 4023 osticium
1803 3966 1890 4037 togstll

1085 4033 1194 4088 diversis
1211 4033 1296 4088 modis
1313 4034 1418 4087 indulta
1435 4041 1511 4100 sunt,
1536 4051 1568 4090 ex
1590 4035 1644 4090 hac
1660 4035 1742 4090 etiam
1759 4038 1890 4091 sancuom

1086 4107 1178 4155 unaua
1199 4102 1227 4155 in
1250 4116 1300 4155 sua
1322 4102 1469 4156 stabilitate
1490 4102 1634 4157 duraturis.
1668 4101 1702 4157 D.
1721 4117 1772 4157 ,ιιι
1789 4104 1820 4158 Ιι.
1840 4092 1890 4185 llcd

227 4176 242 4223 t
278 4169 336 4224 llec
352 4168 487 4223 aediculas
505 4184 597 4222 eorum
618 4174 776 4223 metatorum
793 4182 874 4222 onere
891 4168 1035 4229 molestari,
1088 4167 1265 4224 Corniculum
1286 4168 1324 4223 cli
1335 4168 1490 4223 Mcobindo
1505 4168 1660 4225 ctMessalo
1674 4186 1763 4224 corus.
1796 4174 1890 4252 [otuu

227 4237 251 4291 si
272 4243 362 4290 umen
384 4236 413 4289 in
435 4251 490 4289 una
511 4235 695 4290 tantummodo
719 4250 819 4302 sueque
843 4234 920 4289 domo
938 4236 979 4289 sin
1608 4236 1755 4292 Petiliones
1780 4240 1890 4297 virorum

227 4310 243 4357 3
269 4305 349 4358 talem
365 4303 578 4372 praerogativam
595 4302 646 4356 sibi
657 4301 791 4356 vindicare
804 4301 954 4355 maluerint.
1582 4304 1717 4360 secandae
1724 4304 1825 4374 Syriae
1838 4320 1890 4385 pro

227 4371 354 4440 sportulis
372 4376 511 4490 praeterea
526 4370 645 4435 modum,
669 4385 747 4437 quem
765 4369 861 4422 notitia
878 4370 955 4422 nohis
972 4385 1035 4437 por·
1084 4370 1188 4425 vinciae
1213 4371 1403 4425 advocatorum
1434 4388 1495 4425 cum
1529 4372 1689 4440 competenti
1713 4372 1890 4435 moderationi

226 4445 302 4493 recta
328 4437 455 4501 decursu,
481 4444 537 4491 um
561 4452 611 4506 pro
636 4437 678 4490 his
705 4453 784 4505 quam
808 4452 858 4504 pro
883 4437 984 4491 colonia
1008 4443 1035 4489 et
1086 4438 1237 4492 censuimus
1264 4437 1441 4493 admittendas
1467 4445 1495 4492 et
1518 4439 1640 4493 iubemus
1649 4441 1670 4472 ¹²
1699 4455 1751 4508 pro
1873 4442 1890 4495 rl

225 4506 310 4560 servis
328 4520 419 4559 eorum
437 4504 572 4570 emtodiri,
593 4504 744 4570 neminique
761 4503 884 4582 praeberi
900 4503 1035 4557 decutiam
1084 4504 1224 4573 primumn
1251 4521 1343 4559 eorum
1368 4521 1417 4575 per
1441 4505 1578 4560 biennium
1604 4505 1662 4561 fisci
1688 4447 1890 4574 patrum

225 4573 341 4627 eundem
358 4571 465 4626 modum
483 4572 555 4626 circa
572 4571 751 4639 sportularum
764 4575 929 4625 exactionem
942 4577 1035 4625 contra
1085 4571 1175 4627 officio
1201 4577 1229 4626 et
1254 4573 1356 4626 solacia
1381 4572 1432 4627 sibi
1456 4573 1589 4629 communi
1615 4588 1752 4628 consensu
1769 4574 1890 4644 reputas

226 4647 243 4694 4
278 4654 325 4695 eos
342 4638 495 4695 mcedsndi.
530 4639 588 4693 Nec
606 4637 639 4692 de
657 4644 745 4693 cetero
766 4653 937 4705 quemquam,
959 4645 1035 4692 anm·
1119 4639 1224 4693 ridem
1248 4640 1383 4693 biennium
1407 4644 1534 4710 consequi
1556 4642 1660 4710 hocque
1676 4645 1822 4696 mansueto
1859 4654 1890 4694 ru

227 4723 308 4778 quam
328 4722 378 4776 per
399 4711 502 4761 statuta
525 4712 647 4775 tempora
668 4705 754 4774 legum
778 4705 923 4783 eruditioni
939 4721 1034 4761 nosca-
1096 4705 1228 4761 essionem
1245 4707 1427 4762 advocationis
1445 4708 1478 4761 de
1498 4723 1589 4763 onere:
1615 4709 1752 4763 consortio
1777 4660 1890 4765 nechea

227 4782 243 4825 a
277 4782 323 4829 tur
338 4773 494 4837 inhaesisse,
511 4788 595 4842 supra
612 4772 684 4828 dicto
706 4780 839 4827 conseruo
857 4773 963 4828 sociari.
998 4774 1037 4826 Et
1084 4774 1229 4828 eorundem
1246 4774 1436 4829 advocatorum
1454 4726 1495 4828 ad
1506 4776 1614 4843 triginta
1630 4777 1820 4831 tantummodo
1833 4778 1890 4839 vird

224 4844 297 4897 hlios
323 4843 514 4897 &vocatorum
538 4839 580 4895 vel
604 4839 692 4895 adhuc
718 4841 746 4895 in
765 4840 813 4893 tali
830 4841 1036 4896 constitutorum
1084 4841 1239 4909 redigendo,
1266 4842 1304 4895 ita
1329 4847 1372 4909 ut,
1398 4842 1420 4897 si
1447 4842 1492 4910 qui
1515 4841 1643 4911 superflui
1660 4848 1724 4897 sunt
1741 4845 1798 4898 iam
1817 4844 1890 4899 eided

1028 4235 1033 4248 '
1106 4231 1564 4358 ‚²4.5l“⁶⁷²²14·.3³'⁹²'tl⁰p2

1003 4318 1035 4355 ro
1087 4303 1320 4357 disertissimorum
1337 4302 1389 4357 ion
1405 4303 1531 4373 praesrda

735 4938 888 4944 -..—---
1345 4941 1400 4946 -—
1466 4941 1563 4947 ------—
1571 4941 1730 4947 -Ηω-
1737 4942 1859 4949 ...ι-,ψ-

232 4978 459 5044 1)·Β8,1,2θς
476 4980 591 5044 cs-nott
663 4978 1037 5043 (2)==l328,1‚³0:sortasrc
1085 4979 1206 5029 rubricam
1216 4975 1378 5029 daadrocatis
1395 4978 1548 5028 diversorum
1556 4975 1668 5029 iudicum
1720 4979 1754 5045 (l)
1767 4978 1890 5037 iarisliil

223 5045 465 5160 mancepare.
483 5051 521 5100 18.
539 5046 1042 5164 l‚p‚n(a.3v1k.1uppouoopuu·
1085 5044 1358 5163 (sipunpiMcumB,
1374 5045 1474 5097 ancli
1548 5046 1890 5164 “liiii‘cljphsszffl’l

224 5111 1035 5246 instauraturumleuterici?
1085 5113 1251 5232 illita
1274 5114 1310 5178 (Β)
1327 5116 1706 5247 illu.⁴}niiltl².lza
1724 5116 1890 5233 imi

228 5246 316 5295 menda
338 5257 373 5295 est
394 5246 518 5310 imcriptio
542 5256 585 5296 nat
606 5238 621 5295 ὁ
639 5239 866 5311 aeclesiasticis,
885 5248 910 5298 ις’
925 5248 996 5298 eamn
1013 5265 1034 5299 ο.
1084 5248 1305 5308 4‚laConrtuntino
1335 5248 1890 5303 austrasiama.o..r111e.i1atsaoeasere

228 5322 261 5370 18,
280 5313 345 5377 quod
360 5313 413 5362 ocri
423 5313 500 5362 simile
514 5323 557 5373 cst,
575 5330 626 5363 cnm
641 5315 664 5362 l.
677 5332 696 5363 c.
714 5316 835 5380 iunpendo
846 5325 888 5377 est,
906 5307 1034 5365 αιιῑαύτο·
1084 5313 1246 5380 [illiunetiC
1261 5318 1347 5367 contra
1359 5314 1466 5368 Graecos
1513 5317 1558 5380 (lt)
1577 5334 1596 5365 c.
1607 5327 1633 5368 ll
1651 5316 1707 5369 inde
1724 5318 1756 5367 ch
1773 5317 1829 5369 hac
1845 5334 1890 5367 ςοα

226 5371 334 5449 κρότοιρ
344 5372 442 5441 Ζήνων
449 5380 486 5429 Α.
526 5381 559 5442 (3)
569 5381 786 5446 libriquidomhoc
796 5382 1035 5433 locomaler'nserunt
1084 5393 1120 5433 est
1135 5384 1245 5449 repetitio
1263 5400 1284 5433 c.
1302 5393 1330 5434 22
1889 5388 1890 5393 ’

228 5482 1890 5512 --..-

264 5538 405 5599 trisemo
427 5544 576 5601 advocans
595 5545 626 5600 ιἰι
643 5546 739 5602 ordine
758 5548 919 5604 constituos
934 5547 1034 5604 mutat
1082 5547 1209 5603 αιίοοςοτί
1228 5549 1356 5604 insaucii
1376 5549 1433 5604 litis
1454 5549 1617 5605 οιοὶςίοιιιτι
1634 5554 1789 5620 praeterat
1822 5542 1890 5605 tertii

228 5610 281 5664 nisi
299 5611 483 5667 tororummodo
495 5614 658 5684 praefectus
669 5615 823 5685 praetorio.
1082 5614 1209 5670 advocati
1245 5616 1400 5683 rotradont,
1416 5617 1466 5672 scd
1481 5618 1540 5672 aare
1557 5633 1635 5672 oicro
1648 5633 1756 5671 οαιιιοοι
1773 5615 1835 5672 duo
1847 5613 1890 5691 qu*

266 5675 394 5737 tallere
416 5678 493 5753 apud
503 5678 648 5753 praesides
668 5698 733 5737 neue
751 5681 826 5754 apud
842 5683 961 5739 arbitros
977 5682 1031 5737 clito
1083 5682 1184 5738 adsunt
1219 5691 1300 5739 scant
