<?xml version="1.0" encoding="UTF-8"?>
<!DOCTYPE html PUBLIC "-//W3C//DTD XHTML 1.0 Transitional//EN"
    "http://www.w3.org/TR/xhtml1/DTD/xhtml1-transitional.dtd">
<html xmlns="http://www.w3.org/1999/xhtml" xml:lang="en" lang="en">
 <head>
  <title>
</title>
<meta http-equiv="Content-Type" content="text/html;charset=utf-8" />
  <meta name='ocr-system' content='tesseract 3.04.00' />
  <meta name='ocr-capabilities' content='ocr_page ocr_carea ocr_par ocr_line ocrx_word'/>
</head>
<body>
  <div class='ocr_page' id='page_1' title='image "./corpusiuriscivi01mommgoog_0124.png"; bbox 0 0 3796 6194; ppageno 0'>
   <div class='ocr_carea' id='block_1_1' title="bbox 64 291 888 371">
    <p class='ocr_par' dir='ltr' id='par_1_1' title="bbox 64 291 888 371">
     <span class='ocr_line' id='line_1_1' title="bbox 64 291 888 371; baseline -0.008 0"><span class='ocrx_word' id='word_1_1' title='bbox 64 319 102 371; x_wconf 83' lang='lat' dir='ltr'><strong>oe</strong></span> <span class='ocrx_word' id='word_1_2' title='bbox 119 316 243 369; x_wconf 84' lang='lat' dir='ltr'><strong>errrore</strong></span> <span class='ocrx_word' id='word_1_3' title='bbox 264 316 316 365; x_wconf 85' lang='lat' dir='ltr'><strong>rr.</strong></span> <span class='ocrx_word' id='word_1_4' title='bbox 338 316 492 367; x_wconf 83' lang='lat' dir='ltr'><strong>eumarrs</strong></span> <span class='ocrx_word' id='word_1_5' title='bbox 844 291 888 364; x_wconf 80' lang='lat' dir='ltr'><strong>ll</strong></span> 
     </span>
    </p>
   </div>
   <div class='ocr_carea' id='block_1_2' title="bbox 60 476 1701 618">
    <p class='ocr_par' dir='ltr' id='par_1_2' title="bbox 60 476 1701 618">
     <span class='ocr_line' id='line_1_2' title="bbox 63 476 1701 550; baseline -0.009 -5"><span class='ocrx_word' id='word_1_6' title='bbox 63 483 273 544; x_wconf 71' lang='lat' dir='ltr'><strong>metationem</strong></span> <span class='ocrx_word' id='word_1_7' title='bbox 291 484 458 550; x_wconf 72' lang='lat' dir='ltr'><strong>commanem,</strong></span> <span class='ocrx_word' id='word_1_8' title='bbox 476 484 499 537; x_wconf 89' lang='lat' dir='ltr'><strong>si</strong></span> <span class='ocrx_word' id='word_1_9' title='bbox 516 480 581 536; x_wconf 85' lang='lat' dir='ltr'>nihil</span> <span class='ocrx_word' id='word_1_10' title='bbox 594 486 689 549; x_wconf 87' lang='lat' dir='ltr'><strong>postes</strong></span> <span class='ocrx_word' id='word_1_11' title='bbox 703 496 737 535; x_wconf 86' lang='lat' dir='ltr'><strong>cx</strong></span> <span class='ocrx_word' id='word_1_12' title='bbox 749 488 842 536; x_wconf 86' lang='lat' dir='ltr'><strong>aueto-</strong></span> <span class='ocrx_word' id='word_1_13' title='bbox 893 485 909 535; x_wconf 81' lang='lat'><em>8</em></span> <span class='ocrx_word' id='word_1_14' title='bbox 934 481 1059 537; x_wconf 73' lang='lat' dir='ltr'><strong>restituit.</strong></span> <span class='ocrx_word' id='word_1_15' title='bbox 1084 479 1157 547; x_wconf 81' lang='lat' dir='ltr'><strong>Ergo</strong></span> <span class='ocrx_word' id='word_1_16' title='bbox 1172 484 1234 547; x_wconf 91' lang='lat' dir='ltr'><strong>post</strong></span> <span class='ocrx_word' id='word_1_17' title='bbox 1245 483 1323 533; x_wconf 87' lang='lat' dir='ltr'><strong>tanta</strong></span> <span class='ocrx_word' id='word_1_18' title='bbox 1334 477 1472 541; x_wconf 84' lang='lat' dir='ltr'><strong>beneficia,</strong></span> <span class='ocrx_word' id='word_1_19' title='bbox 1486 492 1554 547; x_wconf 85' lang='lat' dir='ltr'><strong>quae</strong></span> <span class='ocrx_word' id='word_1_20' title='bbox 1569 476 1646 531; x_wconf 89' lang='lat' dir='ltr'><strong>nobis</strong></span> <span class='ocrx_word' id='word_1_21' title='bbox 1662 476 1701 531; x_wconf 92' lang='lat' dir='ltr'><strong>di·</strong></span> 
     </span>
     <span class='ocr_line' id='line_1_3' title="bbox 60 544 1701 618; baseline -0.007 -8"><span class='ocrx_word' id='word_1_22' title='bbox 60 557 127 610; x_wconf 80' lang='lat' dir='ltr'><strong>sitate</strong></span> <span class='ocrx_word' id='word_1_23' title='bbox 139 568 193 607; x_wconf 82' lang='lat' dir='ltr'><strong>msa</strong></span> <span class='ocrx_word' id='word_1_24' title='bbox 208 553 362 606; x_wconf 79' lang='lat' dir='ltr'><strong>innovatum</strong></span> <span class='ocrx_word' id='word_1_25' title='bbox 379 556 428 617; x_wconf 74' lang='grc' dir='ltr'>εει,</span> <span class='ocrx_word' id='word_1_26' title='bbox 446 550 545 605; x_wconf 86' lang='lat' dir='ltr'><strong>serrari</strong></span> <span class='ocrx_word' id='word_1_27' title='bbox 562 563 676 618; x_wconf 68' lang='lat' dir='ltr'><strong>ameum</strong></span> <span class='ocrx_word' id='word_1_28' title='bbox 688 554 737 604; x_wconf 83' lang='lat' dir='ltr'><strong>cst.</strong></span> <span class='ocrx_word' id='word_1_29' title='bbox 764 547 797 604; x_wconf 88' lang='lat' dir='ltr'><strong>l).</strong></span> <span class='ocrx_word' id='word_1_30' title='bbox 806 548 842 603; x_wconf 86' lang='lat' dir='ltr'><strong>id.</strong></span> <span class='ocrx_word' id='word_1_31' title='bbox 894 550 990 604; x_wconf 81' lang='lat' dir='ltr'><strong>vinitas</strong></span> <span class='ocrx_word' id='word_1_32' title='bbox 1016 546 1138 610; x_wconf 71' lang='lat' dir='ltr'><strong>armis,</strong></span> <span class='ocrx_word' id='word_1_33' title='bbox 1163 546 1215 601; x_wconf 90' lang='lat' dir='ltr'><strong>hoc</strong></span> <span class='ocrx_word' id='word_1_34' title='bbox 1240 546 1274 600; x_wconf 91' lang='lat' dir='ltr'><strong>de</strong></span> <span class='ocrx_word' id='word_1_35' title='bbox 1298 546 1399 600; x_wconf 88' lang='lat' dir='ltr'><strong>demini</strong></span> <span class='ocrx_word' id='word_1_36' title='bbox 1421 546 1466 600; x_wconf 90' lang='lat' dir='ltr'><strong>dei</strong></span> <span class='ocrx_word' id='word_1_37' title='bbox 1490 544 1577 601; x_wconf 84' lang='lat' dir='ltr'><strong>nostri</strong></span> <span class='ocrx_word' id='word_1_38' title='bbox 1599 544 1701 599; x_wconf 89' lang='lat' dir='ltr'><strong>miseri·</strong></span> 
     </span>
    </p>
   </div>
   <div class='ocr_carea' id='block_1_3' title="bbox 61 612 1702 748">
    <p class='ocr_par' dir='ltr' id='par_1_3' title="bbox 1 612 1702 748">
     <span class='ocr_line' id='line_1_4' title="bbox 61 612 1702 748; baseline -0.005 -73.282"><span class='ocrx_word' id='word_1_39' title='bbox 61 625 116 748; x_wconf 54' lang='lat' dir='ltr'><strong>lap</strong></span> <span class='ocrx_word' id='word_1_40' title='bbox 132 619 225 675; x_wconf 70' lang='lat' dir='ltr'><strong>Some</strong></span> <span class='ocrx_word' id='word_1_41' title='bbox 241 628 270 674; x_wconf 83' lang='lat' dir='ltr'><strong>ct</strong></span> <span class='ocrx_word' id='word_1_42' title='bbox 286 618 433 685; x_wconf 73' lang='lat' dir='ltr'><strong>Orantiano</strong></span> <span class='ocrx_word' id='word_1_43' title='bbox 451 634 539 673; x_wconf 80' lang='lat' dir='ltr'><strong>conss.</strong></span> <span class='ocrx_word' id='word_1_44' title='bbox 731 623 765 683; x_wconf 83' lang='lat' dir='ltr'><strong>[a</strong></span> <span class='ocrx_word' id='word_1_45' title='bbox 784 620 843 680; x_wconf 76' lang='lat'>235]</span> <span class='ocrx_word' id='word_1_46' title='bbox 894 617 986 672; x_wconf 85' lang='lat' dir='ltr'><strong>cordia</strong></span> <span class='ocrx_word' id='word_1_47' title='bbox 1043 614 1186 677; x_wconf 70' lang='lat' dir='ltr'><strong>stammas,</strong></span> <span class='ocrx_word' id='word_1_48' title='bbox 1209 620 1241 667; x_wconf 91' lang='lat' dir='ltr'><strong>ut</strong></span> <span class='ocrx_word' id='word_1_49' title='bbox 1262 614 1422 682; x_wconf 82' lang='lat' dir='ltr'><strong>provincias,</strong></span> <span class='ocrx_word' id='word_1_50' title='bbox 1445 630 1511 682; x_wconf 85' lang='lat' dir='ltr'><strong>quas</strong></span> <span class='ocrx_word' id='word_1_51' title='bbox 1529 613 1606 667; x_wconf 85' lang='lat' dir='ltr'><strong>nobis</strong></span> <span class='ocrx_word' id='word_1_52' title='bbox 1624 612 1702 668; x_wconf 89' lang='lat' dir='ltr'><strong>resti·</strong></span> 
     </span>
    </p>
   </div>
   <div class='ocr_carea' id='block_1_4' title="bbox 60 680 1704 831">
    <p class='ocr_par' dir='ltr' id='par_1_4' title="bbox 60 680 1704 831">
     <span class='ocr_line' id='line_1_5' title="bbox 123 680 1704 810; baseline -0.003 -71"><span class='ocrx_word' id='word_1_53' title='bbox 123 686 234 810; x_wconf 57' lang='lat' dir='ltr'><strong>fflip.</strong></span> <span class='ocrx_word' id='word_1_54' title='bbox 268 685 474 740; x_wconf 73' lang='lat' dir='ltr'><strong>Valmtiaianas</strong></span> <span class='ocrx_word' id='word_1_55' title='bbox 506 684 672 739; x_wconf 71' lang='lat' dir='ltr'><strong>Theodosius</strong></span> <span class='ocrx_word' id='word_1_56' title='bbox 701 691 730 739; x_wconf 81' lang='lat' dir='ltr'><strong>et</strong></span> <span class='ocrx_word' id='word_1_57' title='bbox 760 686 844 739; x_wconf 77' lang='lat' dir='ltr'><strong>Arca·</strong></span> <span class='ocrx_word' id='word_1_58' title='bbox 894 691 970 739; x_wconf 87' lang='lat' dir='ltr'><strong>tuere</strong></span> <span class='ocrx_word' id='word_1_59' title='bbox 1016 683 1022 697; x_wconf 90' lang='lat'>&#39;</span> <span class='ocrx_word' id='word_1_60' title='bbox 1059 689 1120 737; x_wconf 88' lang='lat' dir='ltr'><strong>atus</strong></span> <span class='ocrx_word' id='word_1_61' title='bbox 1147 688 1200 745; x_wconf 89' lang='lat' dir='ltr'><strong>est,</strong></span> <span class='ocrx_word' id='word_1_62' title='bbox 1226 680 1316 735; x_wconf 80' lang='grc' dir='ltr'>ιἰιιιιιιε</span> <span class='ocrx_word' id='word_1_63' title='bbox 1342 688 1370 736; x_wconf 87' lang='grc' dir='ltr'><strong>ει</strong></span> <span class='ocrx_word' id='word_1_64' title='bbox 1390 682 1497 736; x_wconf 75' lang='lat' dir='ltr'><strong>illamas</strong></span> <span class='ocrx_word' id='word_1_65' title='bbox 1519 680 1653 735; x_wconf 68' lang='lat' dir='ltr'><strong>custodat</strong></span> <span class='ocrx_word' id='word_1_66' title='bbox 1675 686 1704 734; x_wconf 92' lang='lat' dir='ltr'><strong>et</strong></span> 
     </span>
     <span class='ocr_line' id='line_1_6' title="bbox 60 748 1701 831; baseline -0.004 -19"><span class='ocrx_word' id='word_1_67' title='bbox 60 757 110 812; x_wconf 72' lang='lat' dir='ltr'><strong>aa</strong></span> <span class='ocrx_word' id='word_1_68' title='bbox 190 753 331 831; x_wconf 67' lang='lat' dir='ltr'><strong>‚Toaonp</strong></span> <span class='ocrx_word' id='word_1_69' title='bbox 343 770 395 825; x_wconf 88' lang='lat' dir='ltr'><strong>pp.</strong></span> <span class='ocrx_word' id='word_1_70' title='bbox 430 753 459 807; x_wconf 81' lang='lat' dir='ltr'><strong>Si</strong></span> <span class='ocrx_word' id='word_1_71' title='bbox 476 768 543 822; x_wconf 88' lang='lat' dir='ltr'><strong>ques</strong></span> <span class='ocrx_word' id='word_1_72' title='bbox 560 752 661 807; x_wconf 90' lang='lat' dir='ltr'><strong>iudices</strong></span> <span class='ocrx_word' id='word_1_73' title='bbox 678 752 719 831; x_wconf 83' lang='lat' dir='ltr'><strong>rel</strong></span> <span class='ocrx_word' id='word_1_74' title='bbox 736 758 846 821; x_wconf 86' lang='lat' dir='ltr'><strong>prepter</strong></span> <span class='ocrx_word' id='word_1_75' title='bbox 894 751 978 806; x_wconf 76' lang='lat' dir='ltr'><strong>meiat</strong></span> <span class='ocrx_word' id='word_1_76' title='bbox 999 766 1049 805; x_wconf 88' lang='lat' dir='ltr'><strong>nes</strong></span> <span class='ocrx_word' id='word_1_77' title='bbox 1071 764 1117 804; x_wconf 86' lang='lat' dir='ltr'><strong>aas</strong></span> <span class='ocrx_word' id='word_1_78' title='bbox 1134 748 1279 803; x_wconf 86' lang='lat' dir='ltr'><strong>secundum</strong></span> <span class='ocrx_word' id='word_1_79' title='bbox 1296 764 1372 803; x_wconf 89' lang='lat' dir='ltr'><strong>suam</strong></span> <span class='ocrx_word' id='word_1_80' title='bbox 1390 750 1550 804; x_wconf 79' lang='lat' dir='ltr'><strong>voluntatem</strong></span> <span class='ocrx_word' id='word_1_81' title='bbox 1568 765 1600 805; x_wconf 85' lang='lat' dir='ltr'><strong>ac</strong></span> <span class='ocrx_word' id='word_1_82' title='bbox 1617 752 1701 820; x_wconf 87' lang='lat' dir='ltr'><strong>placi·</strong></span> 
     </span>
    </p>
   </div>
   <div class='ocr_carea' id='block_1_5' title="bbox 1 816 1702 896">
    <p class='ocr_par' dir='ltr' id='par_1_5' title="bbox 1 816 1702 896">
     <span class='ocr_line' id='line_1_7' title="bbox 1 816 1702 896; baseline -0.004 -17"><span class='ocrx_word' id='word_1_83' title='bbox 1 883 2 896; x_wconf 20' lang='lat'>¹</span> <span class='ocrx_word' id='word_1_84' title='bbox 59 824 176 879; x_wconf 71' lang='lat' dir='ltr'><strong>adram</strong></span> <span class='ocrx_word' id='word_1_85' title='bbox 199 826 228 875; x_wconf 85' lang='grc' dir='ltr'><strong>ει</strong></span> <span class='ocrx_word' id='word_1_86' title='bbox 252 821 424 889; x_wconf 79' lang='lat' dir='ltr'><strong>longinquam</strong></span> <span class='ocrx_word' id='word_1_87' title='bbox 455 820 576 889; x_wconf 88' lang='lat' dir='ltr'><strong>corperis</strong></span> <span class='ocrx_word' id='word_1_88' title='bbox 601 819 779 875; x_wconf 81' lang='lat' dir='ltr'><strong>salemdmem</strong></span> <span class='ocrx_word' id='word_1_89' title='bbox 804 818 846 873; x_wconf 83' lang='lat' dir='ltr'><strong>vel</strong></span> <span class='ocrx_word' id='word_1_90' title='bbox 895 827 953 875; x_wconf 81' lang='lat' dir='ltr'><strong>mm</strong></span> <span class='ocrx_word' id='word_1_91' title='bbox 977 819 1140 886; x_wconf 81' lang='lat' dir='ltr'><strong>gubernare,</strong></span> <span class='ocrx_word' id='word_1_92' title='bbox 1172 822 1199 871; x_wconf 92' lang='grc' dir='ltr'><strong>ει</strong></span> <span class='ocrx_word' id='word_1_93' title='bbox 1225 817 1347 870; x_wconf 84' lang='lat' dir='ltr'><strong>universa</strong></span> <span class='ocrx_word' id='word_1_94' title='bbox 1373 816 1467 871; x_wconf 79' lang='lat' dir='ltr'><strong>Africa</strong></span> <span class='ocrx_word' id='word_1_95' title='bbox 1494 818 1592 871; x_wconf 89' lang='lat' dir='ltr'><strong>sentiat</strong></span> <span class='ocrx_word' id='word_1_96' title='bbox 1617 819 1702 872; x_wconf 90' lang='lat' dir='ltr'><strong>emni-</strong></span> 
     </span>
    </p>
   </div>
   <div class='ocr_carea' id='block_1_6' title="bbox 59 884 1701 968">
    <p class='ocr_par' dir='ltr' id='par_1_6' title="bbox 59 884 1701 968">
     <span class='ocr_line' id='line_1_8' title="bbox 59 884 1701 968; baseline -0.002 -24"><span class='ocrx_word' id='word_1_97' title='bbox 59 898 153 962; x_wconf 77' lang='lat' dir='ltr'><strong>propta</strong></span> <span class='ocrx_word' id='word_1_98' title='bbox 171 888 362 968; x_wconf 67' lang='lat' dir='ltr'><strong>neglegentiam</strong></span> <span class='ocrx_word' id='word_1_99' title='bbox 385 892 434 941; x_wconf 86' lang='lat' dir='ltr'><strong>aut</strong></span> <span class='ocrx_word' id='word_1_100' title='bbox 457 888 556 942; x_wconf 86' lang='lat' dir='ltr'><strong>lurtum</strong></span> <span class='ocrx_word' id='word_1_101' title='bbox 572 887 614 943; x_wconf 86' lang='lat' dir='ltr'><strong>rel</strong></span> <span class='ocrx_word' id='word_1_102' title='bbox 636 886 721 942; x_wconf 87' lang='lat' dir='ltr'><strong>simile</strong></span> <span class='ocrx_word' id='word_1_103' title='bbox 738 885 845 956; x_wconf 75' lang='lat' dir='ltr'><strong>aliquod</strong></span> <span class='ocrx_word' id='word_1_104' title='bbox 895 887 1012 956; x_wconf 86' lang='lat' dir='ltr'><strong>potentis</strong></span> <span class='ocrx_word' id='word_1_105' title='bbox 1034 886 1077 939; x_wconf 91' lang='lat' dir='ltr'><strong>dei</strong></span> <span class='ocrx_word' id='word_1_106' title='bbox 1089 884 1304 951; x_wconf 39' lang='lat' dir='ltr'><strong>,misericerdiam</strong></span> <span class='ocrx_word' id='word_1_107' title='bbox 1326 892 1354 938; x_wconf 91' lang='lat' dir='ltr'><strong>et</strong></span> <span class='ocrx_word' id='word_1_108' title='bbox 1372 891 1534 965; x_wconf 82' lang='lat' dir='ltr'><strong>cogupscant</strong></span> <span class='ocrx_word' id='word_1_109' title='bbox 1551 886 1608 940; x_wconf 87' lang='lat' dir='ltr'><strong>cies</strong></span> <span class='ocrx_word' id='word_1_110' title='bbox 1625 887 1701 940; x_wconf 90' lang='lat' dir='ltr'><strong>habi·</strong></span> 
     </span>
    </p>
   </div>
   <div class='ocr_carea' id='block_1_7' title="bbox 1 952 1702 1024">
    <p class='ocr_par' dir='ltr' id='par_1_7' title="bbox 1 952 1702 1024">
     <span class='ocr_line' id='line_1_9' title="bbox 1 952 1702 1024; baseline -0.001 -14"><span class='ocrx_word' id='word_1_111' title='bbox 1 979 2 1010; x_wconf 55' lang='grc' dir='ltr'>ι</span> <span class='ocrx_word' id='word_1_112' title='bbox 59 959 136 1013; x_wconf 83' lang='lat' dir='ltr'><strong>ritiun</strong></span> <span class='ocrx_word' id='word_1_113' title='bbox 150 957 298 1011; x_wconf 80' lang='lat' dir='ltr'><strong>sublimitas</strong></span> <span class='ocrx_word' id='word_1_114' title='bbox 314 960 363 1009; x_wconf 89' lang='lat' dir='ltr'><strong>tus</strong></span> <span class='ocrx_word' id='word_1_115' title='bbox 378 955 485 1010; x_wconf 89' lang='lat' dir='ltr'><strong>inutiles</strong></span> <span class='ocrx_word' id='word_1_116' title='bbox 502 970 562 1009; x_wconf 87' lang='lat' dir='ltr'><strong>esse</strong></span> <span class='ocrx_word' id='word_1_117' title='bbox 578 954 733 1024; x_wconf 77' lang='lat' dir='ltr'><strong>reppererit,</strong></span> <span class='ocrx_word' id='word_1_118' title='bbox 750 954 793 1009; x_wconf 88' lang='lat' dir='ltr'><strong>bis</strong></span> <span class='ocrx_word' id='word_1_119' title='bbox 810 953 845 1007; x_wconf 89' lang='lat' dir='ltr'><strong>ab</strong></span> <span class='ocrx_word' id='word_1_120' title='bbox 895 961 1009 1019; x_wconf 87' lang='lat' dir='ltr'><strong>tutores,</strong></span> <span class='ocrx_word' id='word_1_121' title='bbox 1032 968 1111 1022; x_wconf 87' lang='lat' dir='ltr'><strong>quam</strong></span> <span class='ocrx_word' id='word_1_122' title='bbox 1132 952 1168 1006; x_wconf 89' lang='lat' dir='ltr'><strong>a¹¹</strong></span> <span class='ocrx_word' id='word_1_123' title='bbox 1188 953 1329 1006; x_wconf 85' lang='lat' dir='ltr'><strong>durissima</strong></span> <span class='ocrx_word' id='word_1_124' title='bbox 1346 959 1501 1020; x_wconf 79' lang='lat' dir='ltr'><strong>captivitato</strong></span> <span class='ocrx_word' id='word_1_125' title='bbox 1516 958 1543 1007; x_wconf 90' lang='lat' dir='ltr'><strong>et</strong></span> <span class='ocrx_word' id='word_1_126' title='bbox 1560 953 1587 1006; x_wconf 89' lang='lat' dir='ltr'><strong>iu</strong></span> <span class='ocrx_word' id='word_1_127' title='bbox 1606 970 1622 1008; x_wconf 94' lang='lat' dir='ltr'><strong>o</strong></span> <span class='ocrx_word' id='word_1_128' title='bbox 1640 955 1702 1008; x_wconf 87' lang='lat' dir='ltr'><strong>bar·</strong></span> 
     </span>
    </p>
   </div>
   <div class='ocr_carea' id='block_1_8' title="bbox 58 1019 1702 1087">
    <p class='ocr_par' dir='ltr' id='par_1_8' title="bbox 58 1019 1702 1087">
     <span class='ocr_line' id='line_1_10' title="bbox 58 1019 1702 1087; baseline -0.002 -7"><span class='ocrx_word' id='word_1_129' title='bbox 58 1024 266 1080; x_wconf 73' lang='grc' dir='ltr'>ιιιιιιιίειιιιίοιε</span> <span class='ocrx_word' id='word_1_130' title='bbox 288 1023 396 1078; x_wconf 69' lang='lat' dir='ltr'><strong>remees</strong></span> <span class='ocrx_word' id='word_1_131' title='bbox 418 1030 446 1077; x_wconf 89' lang='lat' dir='ltr'><strong>et</strong></span> <span class='ocrx_word' id='word_1_132' title='bbox 467 1023 525 1077; x_wconf 81' lang='lat' dir='ltr'><strong>rice</strong></span> <span class='ocrx_word' id='word_1_133' title='bbox 547 1038 639 1077; x_wconf 89' lang='lat' dir='ltr'><strong>eorum</strong></span> <span class='ocrx_word' id='word_1_134' title='bbox 667 1022 727 1076; x_wconf 91' lang='lat' dir='ltr'><strong>aliis</strong></span> <span class='ocrx_word' id='word_1_135' title='bbox 751 1023 846 1077; x_wconf 86' lang='lat' dir='ltr'><strong>subre-</strong></span> <span class='ocrx_word' id='word_1_136' title='bbox 896 1023 988 1077; x_wconf 89' lang='lat' dir='ltr'><strong>berieu</strong></span> <span class='ocrx_word' id='word_1_137' title='bbox 1014 1020 1119 1075; x_wconf 86' lang='lat' dir='ltr'><strong>liberati</strong></span> <span class='ocrx_word' id='word_1_138' title='bbox 1144 1020 1173 1072; x_wconf 92' lang='lat' dir='ltr'><strong>in</strong></span> <span class='ocrx_word' id='word_1_139' title='bbox 1199 1026 1300 1087; x_wconf 87' lang='lat' dir='ltr'><strong>quauta</strong></span> <span class='ocrx_word' id='word_1_140' title='bbox 1325 1019 1449 1074; x_wconf 87' lang='lat' dir='ltr'><strong>libertate</strong></span> <span class='ocrx_word' id='word_1_141' title='bbox 1472 1020 1522 1074; x_wconf 88' lang='lat' dir='ltr'><strong>snb</strong></span> <span class='ocrx_word' id='word_1_142' title='bbox 1549 1021 1575 1074; x_wconf 83' lang='lat' dir='ltr'><strong>ie</strong></span> <span class='ocrx_word' id='word_1_143' title='bbox 1597 1021 1702 1076; x_wconf 72' lang='lat' dir='ltr'><strong>obtimo</strong></span> 
     </span>
    </p>
   </div>
   <div class='ocr_carea' id='block_1_9' title="bbox 1 1087 1704 1362">
    <p class='ocr_par' dir='ltr' id='par_1_9' title="bbox 1 1087 1704 1362">
     <span class='ocr_line' id='line_1_11' title="bbox 1 1087 1703 1162; baseline -0.002 -17"><span class='ocrx_word' id='word_1_144' title='bbox 1 1123 2 1152; x_wconf 45' lang='grc' dir='ltr'>ι</span> <span class='ocrx_word' id='word_1_145' title='bbox 59 1094 115 1162; x_wconf 76' lang='lat' dir='ltr'><strong>gatis</strong></span> <span class='ocrx_word' id='word_1_146' title='bbox 128 1091 284 1161; x_wconf 82' lang='lat' dir='ltr'><strong>furibusque</strong></span> <span class='ocrx_word' id='word_1_147' title='bbox 372 1091 378 1102; x_wconf 74' lang='lat'><strong>⁴</strong></span> <span class='ocrx_word' id='word_1_148' title='bbox 410 1089 532 1159; x_wconf 71' lang='lat' dir='ltr'><strong>legitimis</strong></span> <span class='ocrx_word' id='word_1_149' title='bbox 550 1090 668 1145; x_wconf 86' lang='lat' dir='ltr'><strong>subactis</strong></span> <span class='ocrx_word' id='word_1_150' title='bbox 686 1090 721 1144; x_wconf 89' lang='lat' dir='ltr'><strong>ad</strong></span> <span class='ocrx_word' id='word_1_151' title='bbox 738 1097 847 1144; x_wconf 85' lang='lat' dir='ltr'><strong>nestrae</strong></span> <span class='ocrx_word' id='word_1_152' title='bbox 897 1095 913 1145; x_wconf 83' lang='grc'>9</span> <span class='ocrx_word' id='word_1_153' title='bbox 947 1094 1040 1144; x_wconf 84' lang='lat' dir='ltr'><strong>nostre</strong></span> <span class='ocrx_word' id='word_1_154' title='bbox 1056 1087 1168 1157; x_wconf 87' lang='lat' dir='ltr'><strong>imperio</strong></span> <span class='ocrx_word' id='word_1_155' title='bbox 1184 1087 1280 1156; x_wconf 84' lang='lat' dir='ltr'><strong>degere</strong></span> <span class='ocrx_word' id='word_1_156' title='bbox 1296 1093 1456 1141; x_wconf 88' lang='lat' dir='ltr'><strong>meruerunt.</strong></span> <span class='ocrx_word' id='word_1_157' title='bbox 1483 1088 1542 1142; x_wconf 87' lang='lat' dir='ltr'><strong>Hoc</strong></span> <span class='ocrx_word' id='word_1_158' title='bbox 1558 1089 1639 1142; x_wconf 88' lang='lat' dir='ltr'><strong>etiam</strong></span> <span class='ocrx_word' id='word_1_159' title='bbox 1657 1089 1703 1143; x_wconf 91' lang='lat' dir='ltr'><strong>de·</strong></span> 
     </span>
     <span class='ocr_line' id='line_1_12' title="bbox 1 1154 1704 1234; baseline -0.002 -20"><span class='ocrx_word' id='word_1_160' title='bbox 1 1175 2 1220; x_wconf 74' lang='grc' dir='ltr'>ι</span> <span class='ocrx_word' id='word_1_161' title='bbox 58 1158 249 1214; x_wconf 76' lang='grc' dir='ltr'>ιιειειειιιιίιιίε</span> <span class='ocrx_word' id='word_1_162' title='bbox 275 1174 290 1213; x_wconf 91' lang='lat' dir='ltr'><strong>s</strong></span> <span class='ocrx_word' id='word_1_163' title='bbox 317 1158 414 1213; x_wconf 82' lang='lat' dir='ltr'><strong>entiam</strong></span> <span class='ocrx_word' id='word_1_164' title='bbox 441 1157 635 1221; x_wconf 73' lang='lat' dir='ltr'><strong>perennius,</strong></span> <span class='ocrx_word' id='word_1_165' title='bbox 660 1157 708 1212; x_wconf 90' lang='lat' dir='ltr'><strong>sed</strong></span> <span class='ocrx_word' id='word_1_166' title='bbox 729 1156 848 1211; x_wconf 80' lang='lat' dir='ltr'><strong>vindicta</strong></span> <span class='ocrx_word' id='word_1_167' title='bbox 896 1162 1037 1226; x_wconf 88' lang='lat' dir='ltr'><strong>precantes</strong></span> <span class='ocrx_word' id='word_1_168' title='bbox 1061 1170 1202 1209; x_wconf 82' lang='lat' dir='ltr'><strong>exeramus</strong></span> <span class='ocrx_word' id='word_1_169' title='bbox 1228 1154 1352 1234; x_wconf 86' lang='lat' dir='ltr'><strong>precibus</strong></span> <span class='ocrx_word' id='word_1_170' title='bbox 1381 1159 1491 1209; x_wconf 78' lang='lat' dir='ltr'><strong>emotae</strong></span> <span class='ocrx_word' id='word_1_171' title='bbox 1517 1160 1545 1210; x_wconf 93' lang='grc' dir='ltr'><strong>ει</strong></span> <span class='ocrx_word' id='word_1_172' title='bbox 1571 1156 1704 1223; x_wconf 71' lang='lat' dir='ltr'><strong>gloriosae</strong></span> 
     </span>
     <span class='ocr_line' id='line_1_13' title="bbox 1 1222 1704 1342; baseline -0.002 -60"><span class='ocrx_word' id='word_1_173' title='bbox 1 1231 2 1264; x_wconf 76' lang='lat'>¹</span> <span class='ocrx_word' id='word_1_174' title='bbox 56 1226 177 1282; x_wconf 59' lang='lat' dir='ltr'><strong>matur.</strong></span> <span class='ocrx_word' id='word_1_175' title='bbox 217 1224 251 1281; x_wconf 74' lang='lat'><strong>1).</strong></span> <span class='ocrx_word' id='word_1_176' title='bbox 276 1239 308 1280; x_wconf 80' lang='grc' dir='ltr'><em>η</em></span> <span class='ocrx_word' id='word_1_177' title='bbox 330 1242 394 1280; x_wconf 84' lang='lat' dir='ltr'><strong>aon.</strong></span> <span class='ocrx_word' id='word_1_178' title='bbox 418 1225 486 1280; x_wconf 78' lang='lat' dir='ltr'><strong>Mai.</strong></span> <span class='ocrx_word' id='word_1_179' title='bbox 508 1224 659 1280; x_wconf 74' lang='lat' dir='ltr'><strong>Mediolani</strong></span> <span class='ocrx_word' id='word_1_180' title='bbox 681 1224 798 1278; x_wconf 70' lang='lat' dir='ltr'><strong>limonio</strong></span> <span class='ocrx_word' id='word_1_181' title='bbox 821 1229 849 1279; x_wconf 82' lang='lat' dir='ltr'><strong>ct</strong></span> <span class='ocrx_word' id='word_1_182' title='bbox 897 1241 953 1280; x_wconf 89' lang='lat' dir='ltr'><strong>sem</strong></span> <span class='ocrx_word' id='word_1_183' title='bbox 1018 1223 1124 1291; x_wconf 81' lang='lat' dir='ltr'><strong>virgime</strong></span> <span class='ocrx_word' id='word_1_184' title='bbox 1148 1222 1244 1301; x_wconf 26' lang='lat' dir='ltr'><strong>ettder</strong></span> <span class='ocrx_word' id='word_1_185' title='bbox 1267 1222 1407 1342; x_wconf 42' lang='lat' dir='ltr'><strong>percuisis</strong></span> <span class='ocrx_word' id='word_1_186' title='bbox 1424 1222 1540 1289; x_wconf 85' lang='lat' dir='ltr'><strong>Mariae,</strong></span> <span class='ocrx_word' id='word_1_187' title='bbox 1567 1232 1605 1289; x_wconf 85' lang='grc' dir='ltr'>ιιι,</span> <span class='ocrx_word' id='word_1_188' title='bbox 1628 1224 1704 1293; x_wconf 89' lang='lat' dir='ltr'><strong>quid·</strong></span> 
     </span>
     <span class='ocr_line' id='line_1_14' title="bbox 1 1290 1704 1362; baseline -0.002 -13"><span class='ocrx_word' id='word_1_189' title='bbox 1 1295 2 1332; x_wconf 80' lang='lat'>¹</span> <span class='ocrx_word' id='word_1_190' title='bbox 57 1293 170 1350; x_wconf 75' lang='lat' dir='ltr'><strong>ema</strong></span> <span class='ocrx_word' id='word_1_191' title='bbox 187 1309 275 1348; x_wconf 72' lang='lat' dir='ltr'><strong>oense</strong></span> <span class='ocrx_word' id='word_1_192' title='bbox 733 1298 768 1357; x_wconf 84' lang='lat' dir='ltr'><strong>[a.</strong></span> <span class='ocrx_word' id='word_1_193' title='bbox 787 1295 847 1355; x_wconf 76' lang='grc'>1189]</span> <span class='ocrx_word' id='word_1_194' title='bbox 898 1292 943 1362; x_wconf 92' lang='lat' dir='ltr'><strong>qui</strong></span> <span class='ocrx_word' id='word_1_195' title='bbox 981 1291 1069 1344; x_wconf 89' lang='lat' dir='ltr'><strong>minus</strong></span> <span class='ocrx_word' id='word_1_196' title='bbox 1091 1296 1134 1345; x_wconf 90' lang='lat' dir='ltr'><strong>est</strong></span> <span class='ocrx_word' id='word_1_197' title='bbox 1153 1305 1193 1343; x_wconf 86' lang='lat' dir='ltr'><strong>rer</strong></span> <span class='ocrx_word' id='word_1_198' title='bbox 1215 1290 1269 1358; x_wconf 89' lang='lat' dir='ltr'><strong>pub</strong></span> <span class='ocrx_word' id='word_1_199' title='bbox 1292 1304 1339 1343; x_wconf 87' lang='lat' dir='ltr'><strong>cae</strong></span> <span class='ocrx_word' id='word_1_200' title='bbox 1356 1296 1473 1354; x_wconf 83' lang='grc' dir='ltr'>ιιοειιεε,</span> <span class='ocrx_word' id='word_1_201' title='bbox 1495 1305 1544 1358; x_wconf 88' lang='grc' dir='ltr'><strong>ρει</strong></span> <span class='ocrx_word' id='word_1_202' title='bbox 1559 1307 1618 1353; x_wconf 89' lang='lat' dir='ltr'><strong>nes,</strong></span> <span class='ocrx_word' id='word_1_203' title='bbox 1640 1291 1704 1345; x_wconf 88' lang='lat' dir='ltr'><strong>ulti-</strong></span> 
     </span>
    </p>
   </div>
   <div class='ocr_carea' id='block_1_10' title="bbox 0 1443 99 1551">
    <p class='ocr_par' dir='ltr' id='par_1_10' title="bbox 0 1443 99 1551">
     <span class='ocr_line' id='line_1_15' title="bbox 0 1443 99 1551; baseline 0 0"><span class='ocrx_word' id='word_1_204' title='bbox 0 1443 1 1450; x_wconf 56' lang='lat'>‘</span> <span class='ocrx_word' id='word_1_205' title='bbox 56 1446 99 1551; x_wconf 79' lang='lat' dir='ltr'><strong>ll</strong></span> 
     </span>
    </p>
   </div>
   <div class='ocr_carea' id='block_1_11' title="bbox 54 1357 1707 1902">
    <p class='ocr_par' dir='ltr' id='par_1_11' title="bbox 82 1357 1705 1496">
     <span class='ocr_line' id='line_1_16' title="bbox 82 1357 1705 1431; baseline -0.006 -12"><span class='ocrx_word' id='word_1_206' title='bbox 82 1360 197 1419; x_wconf 76' lang='lat' dir='ltr'><strong>4²1aa</strong></span> <span class='ocrx_word' id='word_1_207' title='bbox 214 1361 298 1415; x_wconf 77' lang='lat' dir='ltr'><strong>AAA.</strong></span> <span class='ocrx_word' id='word_1_208' title='bbox 316 1359 410 1415; x_wconf 80' lang='lat' dir='ltr'><strong>Addeo</strong></span> <span class='ocrx_word' id='word_1_209' title='bbox 432 1359 526 1414; x_wconf 83' lang='lat' dir='ltr'><strong>comiti</strong></span> <span class='ocrx_word' id='word_1_210' title='bbox 547 1366 574 1415; x_wconf 83' lang='lat' dir='ltr'><strong>et</strong></span> <span class='ocrx_word' id='word_1_211' title='bbox 599 1359 730 1431; x_wconf 78' lang='lat' dir='ltr'><strong>maps&#39;slro</strong></span> <span class='ocrx_word' id='word_1_212' title='bbox 748 1359 848 1415; x_wconf 72' lang='lat' dir='ltr'><strong>ans‘as-</strong></span> <span class='ocrx_word' id='word_1_213' title='bbox 897 1375 955 1414; x_wconf 88' lang='lat' dir='ltr'><strong>mes</strong></span> <span class='ocrx_word' id='word_1_214' title='bbox 980 1374 1071 1414; x_wconf 85' lang='lat' dir='ltr'><strong>serves</strong></span> <span class='ocrx_word' id='word_1_215' title='bbox 1096 1372 1169 1421; x_wconf 87' lang='lat' dir='ltr'><strong>suos,</strong></span> <span class='ocrx_word' id='word_1_216' title='bbox 1194 1357 1320 1411; x_wconf 87' lang='lat' dir='ltr'><strong>restituat</strong></span> <span class='ocrx_word' id='word_1_217' title='bbox 1344 1357 1372 1410; x_wconf 91' lang='lat' dir='ltr'><strong>in</strong></span> <span class='ocrx_word' id='word_1_218' title='bbox 1395 1372 1443 1411; x_wconf 89' lang='lat' dir='ltr'><strong>sue</strong></span> <span class='ocrx_word' id='word_1_219' title='bbox 1467 1358 1572 1413; x_wconf 89' lang='lat' dir='ltr'><strong>nemine</strong></span> <span class='ocrx_word' id='word_1_220' title='bbox 1593 1358 1659 1413; x_wconf 91' lang='lat' dir='ltr'><strong>deus</strong></span> <span class='ocrx_word' id='word_1_221' title='bbox 1677 1365 1705 1412; x_wconf 91' lang='lat' dir='ltr'><strong>et</strong></span> 
     </span>
     <span class='ocr_line' id='line_1_17' title="bbox 116 1423 1703 1496; baseline -0.001 -14"><span class='ocrx_word' id='word_1_222' title='bbox 116 1428 230 1483; x_wconf 73' lang='lat' dir='ltr'><strong>salitioc.</strong></span> <span class='ocrx_word' id='word_1_223' title='bbox 272 1428 316 1482; x_wconf 88' lang='lat' dir='ltr'><strong>De</strong></span> <span class='ocrx_word' id='word_1_224' title='bbox 338 1426 474 1482; x_wconf 88' lang='lat' dir='ltr'><strong>ordinario</strong></span> <span class='ocrx_word' id='word_1_225' title='bbox 499 1427 587 1483; x_wconf 88' lang='lat' dir='ltr'><strong>iudice</strong></span> <span class='ocrx_word' id='word_1_226' title='bbox 609 1442 713 1496; x_wconf 88' lang='lat' dir='ltr'><strong>semper</strong></span> <span class='ocrx_word' id='word_1_227' title='bbox 737 1425 848 1481; x_wconf 88' lang='lat' dir='ltr'><strong>illustris</strong></span> <span class='ocrx_word' id='word_1_228' title='bbox 900 1430 977 1493; x_wconf 83' lang='grc'>11)(1)</span> <span class='ocrx_word' id='word_1_229' title='bbox 998 1425 1154 1494; x_wconf 79' lang='lat' dir='ltr'><strong>dignorum</strong></span> <span class='ocrx_word' id='word_1_230' title='bbox 1167 1423 1623 1494; x_wconf 81' lang='lat' dir='ltr'><strong>faciatservitiumeiusadimplere.</strong></span> <span class='ocrx_word' id='word_1_231' title='bbox 1645 1426 1703 1480; x_wconf 89' lang='lat' dir='ltr'><strong>Deo</strong></span> 
     </span>
    </p>

    <p class='ocr_par' dir='ltr' id='par_1_12' title="bbox 54 1491 1705 1706">
     <span class='ocr_line' id='line_1_18' title="bbox 109 1491 1705 1626; baseline -0.001 -10"><span class='ocrx_word' id='word_1_232' title='bbox 109 1496 218 1617; x_wconf 40' lang='lat' dir='ltr'><strong>iffi?</strong></span> <span class='ocrx_word' id='word_1_233' title='bbox 234 1494 848 1617; x_wconf 51' lang='lat' dir='ltr'><strong>tetrtmnltmltbtmlt</strong></span> <span class='ocrx_word' id='word_1_234' title='bbox 898 1491 1437 1626; x_wconf 53' lang='lat' dir='ltr'><strong>lamentabiliter?</strong></span> <span class='ocrx_word' id='word_1_235' title='bbox 1453 1493 1585 1616; x_wconf 62' lang='lat' dir='ltr'><strong>illm</strong></span> <span class='ocrx_word' id='word_1_236' title='bbox 1595 1499 1705 1615; x_wconf 63' lang='lat' dir='ltr'><strong>&#39;liiii</strong></span> 
     </span>
     <span class='ocr_line' id='line_1_19' title="bbox 54 1565 1705 1706; baseline -0.002 -20"><span class='ocrx_word' id='word_1_237' title='bbox 54 1565 266 1704; x_wconf 43' lang='lat' dir='ltr'><strong>phoclt&#39;tllicodosm</strong></span> <span class='ocrx_word' id='word_1_238' title='bbox 284 1632 317 1685; x_wconf 81' lang='grc' dir='ltr'><strong>Α.</strong></span> <span class='ocrx_word' id='word_1_239' title='bbox 336 1645 377 1685; x_wconf 84' lang='grc' dir='ltr'><strong>ιιι</strong></span> <span class='ocrx_word' id='word_1_240' title='bbox 392 1579 608 1685; x_wconf 50' lang='lat' dir='ltr'><strong>elffioanaaaao</strong></span> <span class='ocrx_word' id='word_1_241' title='bbox 626 1605 714 1685; x_wconf 75' lang='lat' dir='ltr'><strong>coms.</strong></span> <span class='ocrx_word' id='word_1_242' title='bbox 742 1632 847 1695; x_wconf 73' lang='lat' dir='ltr'><strong>[aldi]</strong></span> <span class='ocrx_word' id='word_1_243' title='bbox 897 1578 976 1699; x_wconf 58' lang='lat' dir='ltr'><strong>gretan]</strong></span> <span class='ocrx_word' id='word_1_244' title='bbox 994 1628 1061 1683; x_wconf 86' lang='lat' dir='ltr'><strong>deus</strong></span> <span class='ocrx_word' id='word_1_245' title='bbox 1076 1627 1154 1681; x_wconf 90' lang='lat' dir='ltr'><strong>nobis</strong></span> <span class='ocrx_word' id='word_1_246' title='bbox 1171 1627 1311 1706; x_wconf 77' lang='lat' dir='ltr'><strong>praestitit,</strong></span> <span class='ocrx_word' id='word_1_247' title='bbox 1332 1642 1380 1695; x_wconf 91' lang='lat' dir='ltr'><strong>per</strong></span> <span class='ocrx_word' id='word_1_248' title='bbox 1396 1600 1480 1695; x_wconf 66' lang='lat' dir='ltr'><strong>ip’sius</strong></span> <span class='ocrx_word' id='word_1_249' title='bbox 1496 1601 1705 1683; x_wconf 74' lang='lat' dir='ltr'><strong>misericordiam</strong></span> 
     </span>
    </p>

    <p class='ocr_par' dir='ltr' id='par_1_13' title="bbox 58 1694 1707 1902">
     <span class='ocr_line' id='line_1_20' title="bbox 83 1694 1705 1778; baseline -0.002 -25"><span class='ocrx_word' id='word_1_250' title='bbox 83 1696 378 1777; x_wconf 76' lang='lat' dir='ltr'><strong>b&#39;lmppp.Aroodius</strong></span> <span class='ocrx_word' id='word_1_251' title='bbox 394 1696 535 1751; x_wconf 65' lang='lat' dir='ltr'><strong>Honorias</strong></span> <span class='ocrx_word' id='word_1_252' title='bbox 551 1704 579 1751; x_wconf 82' lang='lat' dir='ltr'><strong>ct</strong></span> <span class='ocrx_word' id='word_1_253' title='bbox 593 1696 759 1752; x_wconf 73' lang='lat' dir='ltr'><strong>Theoderico</strong></span> <span class='ocrx_word' id='word_1_254' title='bbox 767 1698 847 1752; x_wconf 70' lang='lat' dir='ltr'><strong>Ars.</strong></span> <span class='ocrx_word' id='word_1_255' title='bbox 898 1698 1027 1766; x_wconf 88' lang='lat' dir='ltr'><strong>optimum</strong></span> <span class='ocrx_word' id='word_1_256' title='bbox 1057 1694 1187 1763; x_wconf 87' lang='lat' dir='ltr'><strong>suscipiat</strong></span> <span class='ocrx_word' id='word_1_257' title='bbox 1201 1694 1336 1774; x_wconf 35' lang='lat' dir='ltr'><strong>,ordinem</strong></span> <span class='ocrx_word' id='word_1_258' title='bbox 1346 1695 1367 1727; x_wconf 85' lang='lat'><strong>¹⁰</strong></span> <span class='ocrx_word' id='word_1_259' title='bbox 1392 1701 1419 1748; x_wconf 90' lang='lat' dir='ltr'><strong>et</strong></span> <span class='ocrx_word' id='word_1_260' title='bbox 1443 1710 1493 1764; x_wconf 90' lang='lat' dir='ltr'><strong>pro</strong></span> <span class='ocrx_word' id='word_1_261' title='bbox 1513 1696 1581 1777; x_wconf 79' lang='lat' dir='ltr'><strong>riam</strong></span> <span class='ocrx_word' id='word_1_262' title='bbox 1606 1697 1705 1778; x_wconf 78' lang='lat' dir='ltr'><strong>habeat</strong></span> 
     </span>
     <span class='ocr_line' id='line_1_21' title="bbox 58 1762 1706 1844; baseline -0.001 -24"><span class='ocrx_word' id='word_1_263' title='bbox 58 1765 178 1820; x_wconf 73' lang='lat' dir='ltr'><strong>ladem</strong></span> <span class='ocrx_word' id='word_1_264' title='bbox 189 1783 241 1844; x_wconf 88' lang='lat' dir='ltr'><strong>pp.</strong></span> <span class='ocrx_word' id='word_1_265' title='bbox 287 1763 381 1833; x_wconf 86' lang='lat' dir='ltr'><strong>siqui</strong></span> <span class='ocrx_word' id='word_1_266' title='bbox 396 1765 510 1834; x_wconf 84' lang='lat' dir='ltr'><strong>posthac</strong></span> <span class='ocrx_word' id='word_1_267' title='bbox 527 1765 600 1819; x_wconf 80' lang='lat' dir='ltr'><strong>velut</strong></span> <span class='ocrx_word' id='word_1_268' title='bbox 616 1764 743 1819; x_wconf 88' lang='lat' dir='ltr'><strong>indebitis</strong></span> <span class='ocrx_word' id='word_1_269' title='bbox 761 1779 848 1844; x_wconf 75' lang='lat' dir='ltr'><strong>onem·</strong></span> <span class='ocrx_word' id='word_1_270' title='bbox 897 1765 1102 1844; x_wconf 80' lang='lat' dir='ltr'><strong>praeiecturam,</strong></span> <span class='ocrx_word' id='word_1_271' title='bbox 1129 1768 1166 1841; x_wconf 76' lang='grc' dir='ltr'><strong>ιιιΙ</strong></span> <span class='ocrx_word' id='word_1_272' title='bbox 1186 1768 1258 1815; x_wconf 80' lang='lat' dir='ltr'><strong>sicut</strong></span> <span class='ocrx_word' id='word_1_273' title='bbox 1275 1762 1369 1841; x_wconf 77' lang='lat' dir='ltr'><strong>Oriens</strong></span> <span class='ocrx_word' id='word_1_274' title='bbox 1394 1768 1475 1831; x_wconf 90' lang='lat' dir='ltr'><strong>atque</strong></span> <span class='ocrx_word' id='word_1_275' title='bbox 1525 1779 1641 1833; x_wconf 73' lang='lat' dir='ltr'><strong>prieurs,</strong></span> <span class='ocrx_word' id='word_1_276' title='bbox 1667 1771 1706 1818; x_wconf 83' lang='lat' dir='ltr'><strong>ita</strong></span> 
     </span>
     <span class='ocr_line' id='line_1_22' title="bbox 58 1831 1707 1902; baseline -0.001 -15"><span class='ocrx_word' id='word_1_277' title='bbox 58 1835 97 1887; x_wconf 88' lang='lat' dir='ltr'><strong>bus</strong></span> <span class='ocrx_word' id='word_1_278' title='bbox 108 1838 203 1902; x_wconf 73' lang='lat' dir='ltr'><strong>grassa</strong></span> <span class='ocrx_word' id='word_1_279' title='bbox 226 1832 377 1902; x_wconf 82' lang='lat' dir='ltr'><strong>adprecor</strong></span> <span class='ocrx_word' id='word_1_280' title='bbox 398 1831 559 1886; x_wconf 82' lang='lat' dir='ltr'><strong>crediderint</strong></span> <span class='ocrx_word' id='word_1_281' title='bbox 580 1833 773 1887; x_wconf 86' lang='lat' dir='ltr'><strong>consolandum</strong></span> <span class='ocrx_word' id='word_1_282' title='bbox 793 1847 849 1886; x_wconf 82' lang='lat' dir='ltr'><strong>sive</strong></span> <span class='ocrx_word' id='word_1_283' title='bbox 898 1837 927 1887; x_wconf 91' lang='lat' dir='ltr'><strong>et</strong></span> <span class='ocrx_word' id='word_1_284' title='bbox 942 1832 1034 1885; x_wconf 75' lang='lat' dir='ltr'><strong>amca</strong></span> <span class='ocrx_word' id='word_1_285' title='bbox 1051 1836 1221 1898; x_wconf 83' lang='lat' dir='ltr'><strong>praetoriana</strong></span> <span class='ocrx_word' id='word_1_286' title='bbox 1241 1844 1356 1882; x_wconf 83' lang='lat' dir='ltr'><strong>maxims</strong></span> <span class='ocrx_word' id='word_1_287' title='bbox 1371 1833 1506 1898; x_wconf 82' lang='lat' dir='ltr'><strong>potestate</strong></span> <span class='ocrx_word' id='word_1_288' title='bbox 1522 1831 1673 1900; x_wconf 84' lang='lat' dir='ltr'><strong>specialiter</strong></span> <span class='ocrx_word' id='word_1_289' title='bbox 1688 1846 1707 1885; x_wconf 88' lang='lat' dir='ltr'><strong>a</strong></span> 
     </span>
    </p>
   </div>
   <div class='ocr_carea' id='block_1_12' title="bbox 3 1896 1705 1963">
    <p class='ocr_par' dir='ltr' id='par_1_14' title="bbox 3 1896 1705 1963">
     <span class='ocr_line' id='line_1_23' title="bbox 3 1896 1705 1963; baseline 0.001 -10"><span class='ocrx_word' id='word_1_290' title='bbox 3 1936 8 1945; x_wconf 84' lang='lat'>·</span> <span class='ocrx_word' id='word_1_291' title='bbox 59 1902 84 1953; x_wconf 86' lang='lat' dir='ltr'><strong>ds</strong></span> <span class='ocrx_word' id='word_1_292' title='bbox 98 1900 264 1954; x_wconf 69' lang='lat' dir='ltr'><strong>mdouluiis</strong></span> <span class='ocrx_word' id='word_1_293' title='bbox 288 1899 438 1955; x_wconf 83' lang='lat' dir='ltr'><strong>rationibus</strong></span> <span class='ocrx_word' id='word_1_294' title='bbox 463 1900 518 1952; x_wconf 81' lang='lat' dir='ltr'><strong>sive</strong></span> <span class='ocrx_word' id='word_1_295' title='bbox 537 1900 788 1963; x_wconf 68' lang='lat' dir='ltr'><strong>transverberamus,</strong></span> <span class='ocrx_word' id='word_1_296' title='bbox 806 1913 848 1953; x_wconf 89' lang='lat' dir='ltr'><strong>re·</strong></span> <span class='ocrx_word' id='word_1_297' title='bbox 901 1906 928 1954; x_wconf 89' lang='grc'><strong>11</strong></span> <span class='ocrx_word' id='word_1_298' title='bbox 948 1905 1041 1954; x_wconf 78' lang='lat' dir='ltr'><strong>neema</strong></span> <span class='ocrx_word' id='word_1_299' title='bbox 1055 1896 1354 1952; x_wconf 85' lang='lat' dir='ltr'><strong>clementiadeceretor.</strong></span> <span class='ocrx_word' id='word_1_300' title='bbox 1383 1897 1465 1952; x_wconf 82' lang='lat' dir='ltr'><strong>Cuius</strong></span> <span class='ocrx_word' id='word_1_301' title='bbox 1479 1899 1569 1954; x_wconf 87' lang='lat' dir='ltr'><strong>sedem</strong></span> <span class='ocrx_word' id='word_1_302' title='bbox 1582 1899 1705 1955; x_wconf 87' lang='lat' dir='ltr'><strong>iubemus</strong></span> 
     </span>
    </p>
   </div>
   <div class='ocr_carea' id='block_1_13' title="bbox 59 1964 1708 2493">
    <p class='ocr_par' dir='ltr' id='par_1_15' title="bbox 59 1964 1708 2493">
     <span class='ocr_line' id='line_1_24' title="bbox 59 1964 1706 2036; baseline 0 -15"><span class='ocrx_word' id='word_1_303' title='bbox 59 1968 146 2036; x_wconf 80' lang='lat' dir='ltr'><strong>scripto,</strong></span> <span class='ocrx_word' id='word_1_304' title='bbox 168 1983 238 2036; x_wconf 84' lang='lat' dir='ltr'><strong>quse</strong></span> <span class='ocrx_word' id='word_1_305' title='bbox 261 1968 297 2022; x_wconf 89' lang='lat' dir='ltr'><strong>de</strong></span> <span class='ocrx_word' id='word_1_306' title='bbox 314 1968 437 2022; x_wconf 90' lang='lat' dir='ltr'><strong>omnibus</strong></span> <span class='ocrx_word' id='word_1_307' title='bbox 454 1964 495 2021; x_wconf 92' lang='lat' dir='ltr'><strong>bis</strong></span> <span class='ocrx_word' id='word_1_308' title='bbox 513 1973 594 2036; x_wconf 87' lang='lat' dir='ltr'><strong>atque</strong></span> <span class='ocrx_word' id='word_1_309' title='bbox 610 1967 760 2021; x_wconf 86' lang='lat' dir='ltr'><strong>huiusmodi</strong></span> <span class='ocrx_word' id='word_1_310' title='bbox 777 1966 849 2021; x_wconf 90' lang='lat' dir='ltr'><strong>ordi-</strong></span> <span class='ocrx_word' id='word_1_311' title='bbox 898 1967 990 2022; x_wconf 80' lang='lat' dir='ltr'><strong>esseO</strong></span> <span class='ocrx_word' id='word_1_312' title='bbox 1088 1965 1156 2018; x_wconf 89' lang='lat' dir='ltr'><strong>&#39;nem</strong></span> <span class='ocrx_word' id='word_1_313' title='bbox 1173 1971 1200 2018; x_wconf 85' lang='lat' dir='ltr'><strong>et</strong></span> <span class='ocrx_word' id='word_1_314' title='bbox 1216 1964 1244 2016; x_wconf 89' lang='lat' dir='ltr'><strong>in</strong></span> <span class='ocrx_word' id='word_1_315' title='bbox 1261 1964 1425 2032; x_wconf 85' lang='lat' dir='ltr'><strong>praelatione</strong></span> <span class='ocrx_word' id='word_1_316' title='bbox 1441 1964 1609 2035; x_wconf 84' lang='lat' dir='ltr'><strong>publicarum</strong></span> <span class='ocrx_word' id='word_1_317' title='bbox 1627 1968 1706 2021; x_wconf 89' lang='lat' dir='ltr'><strong>char·</strong></span> 
     </span>
     <span class='ocr_line' id='line_1_25' title="bbox 59 2031 1707 2114; baseline 0 -25"><span class='ocrx_word' id='word_1_318' title='bbox 59 2036 187 2089; x_wconf 76' lang='lat' dir='ltr'><strong>mdombes</strong></span> <span class='ocrx_word' id='word_1_319' title='bbox 210 2036 301 2089; x_wconf 81' lang='lat' dir='ltr'><strong>emitti</strong></span> <span class='ocrx_word' id='word_1_320' title='bbox 324 2035 476 2103; x_wconf 87' lang='lat' dir='ltr'><strong>contigerit,</strong></span> <span class='ocrx_word' id='word_1_321' title='bbox 506 2034 541 2088; x_wconf 89' lang='lat' dir='ltr'><strong>sd</strong></span> <span class='ocrx_word' id='word_1_322' title='bbox 566 2034 655 2089; x_wconf 86' lang='lat' dir='ltr'><strong>sedeur</strong></span> <span class='ocrx_word' id='word_1_323' title='bbox 678 2034 849 2089; x_wconf 87' lang='lat' dir='ltr'><strong>sublimitatis</strong></span> <span class='ocrx_word' id='word_1_324' title='bbox 898 2042 1026 2102; x_wconf 82' lang='lat' dir='ltr'><strong>tarnmp</strong></span> <span class='ocrx_word' id='word_1_325' title='bbox 1086 2031 1186 2086; x_wconf 80' lang='lat' dir='ltr'><strong>emeris</strong></span> <span class='ocrx_word' id='word_1_326' title='bbox 1208 2031 1268 2085; x_wconf 87' lang='lat' dir='ltr'><strong>eliis</strong></span> <span class='ocrx_word' id='word_1_327' title='bbox 1293 2032 1349 2085; x_wconf 90' lang='lat' dir='ltr'><strong>eius</strong></span> <span class='ocrx_word' id='word_1_328' title='bbox 1372 2048 1468 2087; x_wconf 89' lang='lat' dir='ltr'><strong>nomen</strong></span> <span class='ocrx_word' id='word_1_329' title='bbox 1485 2034 1601 2103; x_wconf 86' lang='lat' dir='ltr'><strong>adiungi,</strong></span> <span class='ocrx_word' id='word_1_330' title='bbox 1625 2050 1707 2114; x_wconf 88' lang='lat' dir='ltr'><strong>quern</strong></span> 
     </span>
     <span class='ocr_line' id='line_1_26' title="bbox 59 2099 1706 2173; baseline -0.001 -17"><span class='ocrx_word' id='word_1_331' title='bbox 59 2109 106 2156; x_wconf 85' lang='lat' dir='ltr'><strong>tuse</strong></span> <span class='ocrx_word' id='word_1_332' title='bbox 119 2102 312 2157; x_wconf 66' lang='lat' dir='ltr'><strong>tacebantur.</strong></span> <span class='ocrx_word' id='word_1_333' title='bbox 353 2103 386 2158; x_wconf 86' lang='lat' dir='ltr'><strong>D.</strong></span> <span class='ocrx_word' id='word_1_334' title='bbox 410 2115 454 2155; x_wconf 79' lang='grc' dir='ltr'><strong>ιιι</strong></span> <span class='ocrx_word' id='word_1_335' title='bbox 473 2101 511 2156; x_wconf 84' lang='lat' dir='ltr'><strong>id.</strong></span> <span class='ocrx_word' id='word_1_336' title='bbox 530 2100 593 2157; x_wconf 79' lang='lat' dir='ltr'><strong>Dec.</strong></span> <span class='ocrx_word' id='word_1_337' title='bbox 614 2102 850 2173; x_wconf 75' lang='lat' dir='ltr'><strong>Constantinopoli</strong></span> <span class='ocrx_word' id='word_1_338' title='bbox 898 2117 970 2156; x_wconf 93' lang='lat' dir='ltr'><strong>nunc</strong></span> <span class='ocrx_word' id='word_1_339' title='bbox 1009 2107 1084 2154; x_wconf 88' lang='lat' dir='ltr'><strong>tuam</strong></span> <span class='ocrx_word' id='word_1_340' title='bbox 1124 2099 1306 2154; x_wconf 76' lang='lat' dir='ltr'><strong>excolentiam</strong></span> <span class='ocrx_word' id='word_1_341' title='bbox 1345 2101 1494 2167; x_wconf 82' lang='lat' dir='ltr'><strong>gubernare</strong></span> <span class='ocrx_word' id='word_1_342' title='bbox 1533 2102 1706 2157; x_wconf 81' lang='lat' dir='ltr'><strong>decernimus.</strong></span> 
     </span>
     <span class='ocr_line' id='line_1_27' title="bbox 61 2166 1707 2239; baseline -0.001 -14"><span class='ocrx_word' id='word_1_343' title='bbox 61 2168 184 2225; x_wconf 79' lang='lat' dir='ltr'><strong>Silcloae</strong></span> <span class='ocrx_word' id='word_1_344' title='bbox 201 2183 231 2224; x_wconf 87' lang='lat'><strong>11</strong></span> <span class='ocrx_word' id='word_1_345' title='bbox 247 2178 278 2225; x_wconf 82' lang='lat' dir='ltr'><strong>et</strong></span> <span class='ocrx_word' id='word_1_346' title='bbox 294 2169 437 2224; x_wconf 74' lang='lat' dir='ltr'><strong>Antbenae</strong></span> <span class='ocrx_word' id='word_1_347' title='bbox 454 2184 542 2224; x_wconf 70' lang='lat' dir='ltr'><strong>coam.</strong></span> <span class='ocrx_word' id='word_1_348' title='bbox 737 2175 771 2235; x_wconf 87' lang='lat' dir='ltr'><strong>[a</strong></span> <span class='ocrx_word' id='word_1_349' title='bbox 790 2173 849 2233; x_wconf 80' lang='lat' dir='ltr'><strong>tet]</strong></span> <span class='ocrx_word' id='word_1_350' title='bbox 902 2173 932 2224; x_wconf 78' lang='lat' dir='ltr'><strong>tt</strong></span> <span class='ocrx_word' id='word_1_351' title='bbox 949 2170 988 2238; x_wconf 80' lang='lat' dir='ltr'><strong>(t)</strong></span> <span class='ocrx_word' id='word_1_352' title='bbox 1027 2167 1065 2221; x_wconf 82' lang='lat' dir='ltr'><strong>Et</strong></span> <span class='ocrx_word' id='word_1_353' title='bbox 1086 2166 1121 2221; x_wconf 89' lang='lat' dir='ltr'><strong>ab</strong></span> <span class='ocrx_word' id='word_1_354' title='bbox 1143 2182 1176 2220; x_wconf 88' lang='lat' dir='ltr'><strong>ea</strong></span> <span class='ocrx_word' id='word_1_355' title='bbox 1196 2166 1341 2221; x_wconf 74' lang='lat' dir='ltr'><strong>armante</strong></span> <span class='ocrx_word' id='word_1_356' title='bbox 1364 2167 1413 2222; x_wconf 89' lang='lat' dir='ltr'><strong>deo</strong></span> <span class='ocrx_word' id='word_1_357' title='bbox 1431 2173 1534 2236; x_wconf 87' lang='lat' dir='ltr'><strong>septem</strong></span> <span class='ocrx_word' id='word_1_358' title='bbox 1551 2170 1707 2239; x_wconf 77' lang='lat' dir='ltr'><strong>provinciae</strong></span> 
     </span>
     <span class='ocr_line' id='line_1_28' title="bbox 84 2234 1708 2305; baseline -0.001 -12"><span class='ocrx_word' id='word_1_359' title='bbox 84 2235 123 2293; x_wconf 79' lang='lat'><strong>6⁴</strong></span> <span class='ocrx_word' id='word_1_360' title='bbox 126 2274 812 2293; x_wconf 79' lang='grc'><strong>.................</strong></span> <span class='ocrx_word' id='word_1_361' title='bbox 899 2252 960 2291; x_wconf 88' lang='lat' dir='ltr'><strong>cum</strong></span> <span class='ocrx_word' id='word_1_362' title='bbox 985 2235 1041 2290; x_wconf 89' lang='lat' dir='ltr'><strong>suis</strong></span> <span class='ocrx_word' id='word_1_363' title='bbox 1067 2234 1198 2290; x_wconf 88' lang='lat' dir='ltr'><strong>iudicibus</strong></span> <span class='ocrx_word' id='word_1_364' title='bbox 1224 2235 1412 2303; x_wconf 81' lang='lat' dir='ltr'><strong>disponantur,</strong></span> <span class='ocrx_word' id='word_1_365' title='bbox 1445 2251 1557 2304; x_wconf 86' lang='lat' dir='ltr'><strong>quarum</strong></span> <span class='ocrx_word' id='word_1_366' title='bbox 1578 2236 1658 2305; x_wconf 85' lang='lat' dir='ltr'><strong>Tingi</strong></span> <span class='ocrx_word' id='word_1_367' title='bbox 1680 2244 1708 2292; x_wconf 90' lang='lat' dir='ltr'><strong>et</strong></span> 
     </span>
     <span class='ocr_line' id='line_1_29' title="bbox 918 2302 1708 2373; baseline 0.003 -15"><span class='ocrx_word' id='word_1_368' title='bbox 918 2306 998 2358; x_wconf 88' lang='lat' dir='ltr'><strong>uas¹¹</strong></span> <span class='ocrx_word' id='word_1_369' title='bbox 1020 2302 1220 2372; x_wconf 87' lang='lat' dir='ltr'><strong>proconsularis</strong></span> <span class='ocrx_word' id='word_1_370' title='bbox 1243 2307 1323 2356; x_wconf 82' lang='grc' dir='ltr'>ειιεε</span> <span class='ocrx_word' id='word_1_371' title='bbox 1345 2303 1503 2368; x_wconf 81' lang='lat' dir='ltr'><strong>recabatur,</strong></span> <span class='ocrx_word' id='word_1_372' title='bbox 1527 2304 1662 2373; x_wconf 82' lang='lat' dir='ltr'><strong>(lertbago</strong></span> <span class='ocrx_word' id='word_1_373' title='bbox 1679 2312 1708 2360; x_wconf 88' lang='lat' dir='ltr'><strong>et</strong></span> 
     </span>
     <span class='ocr_line' id='line_1_30' title="bbox 899 2322 1706 2493; baseline 0.002 -68"><span class='ocrx_word' id='word_1_374' title='bbox 899 2322 1045 2493; x_wconf 51' lang='lat' dir='ltr'><strong>{parim</strong></span> <span class='ocrx_word' id='word_1_375' title='bbox 1067 2386 1100 2424; x_wconf 87' lang='lat' dir='ltr'><strong>ac</strong></span> <span class='ocrx_word' id='word_1_376' title='bbox 1121 2370 1239 2438; x_wconf 86' lang='lat' dir='ltr'><strong>Tripolis</strong></span> <span class='ocrx_word' id='word_1_377' title='bbox 1259 2377 1376 2425; x_wconf 89' lang='lat' dir='ltr'><strong>rectores</strong></span> <span class='ocrx_word' id='word_1_378' title='bbox 1399 2370 1517 2425; x_wconf 85' lang='lat' dir='ltr'><strong>babeant</strong></span> <span class='ocrx_word' id='word_1_379' title='bbox 1536 2373 1706 2427; x_wconf 73' lang='lat' dir='ltr'><strong>conselmes:</strong></span> 
     </span>
    </p>
   </div>
   <div class='ocr_carea' id='block_1_14' title="bbox 384 2436 1707 2520">
    <p class='ocr_par' dir='ltr' id='par_1_16' title="bbox 384 2436 1707 2520">
     <span class='ocr_line' id='line_1_31' title="bbox 384 2436 1707 2520; baseline -0.007 -17"><span class='ocrx_word' id='word_1_380' title='bbox 384 2442 516 2503; x_wconf 72' lang='lat' dir='ltr'><strong>XXVII.⁸</strong></span> <span class='ocrx_word' id='word_1_381' title='bbox 920 2439 1018 2520; x_wconf 58' lang='lat' dir='ltr'><strong>“quae</strong></span> <span class='ocrx_word' id='word_1_382' title='bbox 1033 2453 1105 2502; x_wconf 86' lang='lat' dir='ltr'><strong>rere,</strong></span> <span class='ocrx_word' id='word_1_383' title='bbox 1128 2436 1157 2491; x_wconf 91' lang='lat' dir='ltr'><strong>id</strong></span> <span class='ocrx_word' id='word_1_384' title='bbox 1174 2444 1215 2492; x_wconf 87' lang='lat' dir='ltr'><strong>est</strong></span> <span class='ocrx_word' id='word_1_385' title='bbox 1231 2436 1357 2491; x_wconf 76' lang='lat' dir='ltr'><strong>Numidia</strong></span> <span class='ocrx_word' id='word_1_386' title='bbox 1374 2443 1401 2492; x_wconf 95' lang='lat' dir='ltr'><strong>et</strong></span> <span class='ocrx_word' id='word_1_387' title='bbox 1416 2437 1582 2493; x_wconf 82' lang='lat' dir='ltr'><strong>Mauritania</strong></span> <span class='ocrx_word' id='word_1_388' title='bbox 1598 2445 1627 2493; x_wconf 88' lang='grc' dir='ltr'><strong>ει</strong></span> <span class='ocrx_word' id='word_1_389' title='bbox 1643 2439 1707 2494; x_wconf 83' lang='lat' dir='ltr'><strong>Sar·</strong></span> 
     </span>
    </p>
   </div>
   <div class='ocr_carea' id='block_1_15' title="bbox 4 2504 1707 2638">
    <p class='ocr_par' dir='ltr' id='par_1_17' title="bbox 4 2504 1707 2638">
     <span class='ocr_line' id='line_1_32' title="bbox 4 2504 1707 2638; baseline -0.012 -44"><span class='ocrx_word' id='word_1_390' title='bbox 4 2518 8 2533; x_wconf 93' lang='lat'>&#39;</span> <span class='ocrx_word' id='word_1_391' title='bbox 72 2541 244 2595; x_wconf 79' lang='lat' dir='ltr'><strong>mermme</strong></span> <span class='ocrx_word' id='word_1_392' title='bbox 268 2541 465 2593; x_wconf 79' lang='lat' dir='ltr'><strong>reseruari</strong></span> <span class='ocrx_word' id='word_1_393' title='bbox 486 2542 678 2593; x_wconf 73' lang='lat' dir='ltr'><strong>rennuente</strong></span> <span class='ocrx_word' id='word_1_394' title='bbox 701 2541 850 2593; x_wconf 72' lang='lat' dir='ltr'><strong>srmone</strong></span> <span class='ocrx_word' id='word_1_395' title='bbox 899 2506 973 2561; x_wconf 69' lang='lat'>¹¹¹¹</span> <span class='ocrx_word' id='word_1_396' title='bbox 1010 2504 1218 2638; x_wconf 53' lang='lat' dir='ltr'><strong>“Efflffibm</strong></span> <span class='ocrx_word' id='word_1_397' title='bbox 1241 2520 1301 2559; x_wconf 75' lang='lat'><strong>⁰⁰¹¹</strong></span> <span class='ocrx_word' id='word_1_398' title='bbox 1324 2504 1367 2559; x_wconf 73' lang='lat'><strong>‘¹⁰¹</strong></span> <span class='ocrx_word' id='word_1_399' title='bbox 1395 2505 1707 2576; x_wconf 67' lang='lat' dir='ltr'><strong>amnemamnem.</strong></span> 
     </span>
    </p>
   </div>
   <div class='ocr_carea' id='block_1_16' title="bbox 85 2546 1708 2710">
    <p class='ocr_par' dir='ltr' id='par_1_18' title="bbox 85 2546 1708 2710">
     <span class='ocr_line' id='line_1_33' title="bbox 979 2546 987 2571; baseline 0 0"><span class='ocrx_word' id='word_1_400' title='bbox 979 2546 987 2571; x_wconf 82' lang='lat'>‚</span> 
     </span>
     <span class='ocr_line' id='line_1_34' title="bbox 85 2571 1708 2710; baseline -0.005 -47"><span class='ocrx_word' id='word_1_401' title='bbox 85 2611 116 2663; x_wconf 87' lang='lat' dir='ltr'><strong>rr</strong></span> <span class='ocrx_word' id='word_1_402' title='bbox 128 2612 173 2663; x_wconf 83' lang='lat' dir='ltr'><strong>en</strong></span> <span class='ocrx_word' id='word_1_403' title='bbox 192 2610 287 2662; x_wconf 80' lang='lat' dir='ltr'><strong>emm</strong></span> <span class='ocrx_word' id='word_1_404' title='bbox 304 2608 458 2659; x_wconf 79' lang='lat' dir='ltr'><strong>musonis</strong></span> <span class='ocrx_word' id='word_1_405' title='bbox 476 2609 684 2661; x_wconf 75' lang='lat' dir='ltr'><strong>proecessor</strong></span> <span class='ocrx_word' id='word_1_406' title='bbox 701 2609 816 2660; x_wconf 73' lang='lat' dir='ltr'><strong>suoru.</strong></span> <span class='ocrx_word' id='word_1_407' title='bbox 900 2579 935 2697; x_wconf 54' lang='lat'><strong>1¹12</strong></span> <span class='ocrx_word' id='word_1_408' title='bbox 936 2576 988 2696; x_wconf 53' lang='lat'><strong>11⁴³)</strong></span> <span class='ocrx_word' id='word_1_409' title='bbox 986 2657 1004 2710; x_wconf 68' lang='lat' dir='ltr'><strong>p</strong></span> <span class='ocrx_word' id='word_1_410' title='bbox 1004 2657 1035 2696; x_wconf 82' lang='lat' dir='ltr'><strong>ro</strong></span> <span class='ocrx_word' id='word_1_411' title='bbox 1066 2571 1436 2709; x_wconf 45' lang='lat' dir='ltr'><strong>affipgffidgissuffisffl</strong></span> <span class='ocrx_word' id='word_1_412' title='bbox 1443 2574 1708 2710; x_wconf 54' lang='lat' dir='ltr'>fflffiffiffig</span> 
     </span>
    </p>
   </div>
   <div class='ocr_carea' id='block_1_17' title="bbox 5 2705 1710 2776">
    <p class='ocr_par' dir='ltr' id='par_1_19' title="bbox 5 2705 1710 2776">
     <span class='ocr_line' id='line_1_35' title="bbox 5 2705 1710 2776; baseline 0 -11"><span class='ocrx_word' id='word_1_413' title='bbox 5 2706 6 2757; x_wconf 73' lang='grc' dir='ltr'>ξ</span> <span class='ocrx_word' id='word_1_414' title='bbox 87 2706 143 2765; x_wconf 81' lang='lat' dir='ltr'><strong>lla</strong></span> <span class='ocrx_word' id='word_1_415' title='bbox 158 2710 273 2765; x_wconf 70' lang='lat' dir='ltr'><strong>nesano</strong></span> <span class='ocrx_word' id='word_1_416' title='bbox 288 2706 394 2763; x_wconf 74' lang='lat' dir='ltr'><strong>donam</strong></span> <span class='ocrx_word' id='word_1_417' title='bbox 411 2708 500 2764; x_wconf 75' lang='lat' dir='ltr'><strong>nostri</strong></span> <span class='ocrx_word' id='word_1_418' title='bbox 517 2705 600 2762; x_wconf 80' lang='grc' dir='ltr'>Πιεειι</span> <span class='ocrx_word' id='word_1_419' title='bbox 617 2706 745 2763; x_wconf 70' lang='lat' dir='ltr'><strong>Christi</strong></span> <span class='ocrx_word' id='word_1_420' title='bbox 791 2725 851 2763; x_wconf 82' lang='lat' dir='ltr'><strong>ero·</strong></span> <span class='ocrx_word' id='word_1_421' title='bbox 900 2715 1035 2764; x_wconf 88' lang='lat' dir='ltr'><strong>trecentos</strong></span> <span class='ocrx_word' id='word_1_422' title='bbox 1057 2707 1203 2776; x_wconf 76' lang='lat' dir='ltr'><strong>nonaginta</strong></span> <span class='ocrx_word' id='word_1_423' title='bbox 1225 2722 1273 2763; x_wconf 79' lang='grc' dir='ltr'><strong>εει</strong></span> <span class='ocrx_word' id='word_1_424' title='bbox 1290 2708 1360 2763; x_wconf 84' lang='lat' dir='ltr'><strong>viros</strong></span> <span class='ocrx_word' id='word_1_425' title='bbox 1379 2722 1429 2776; x_wconf 89' lang='grc' dir='ltr'><strong>ρει</strong></span> <span class='ocrx_word' id='word_1_426' title='bbox 1445 2708 1549 2765; x_wconf 69' lang='lat' dir='ltr'><strong>dvorsa</strong></span> <span class='ocrx_word' id='word_1_427' title='bbox 1565 2712 1665 2764; x_wconf 85' lang='lat' dir='ltr'><strong>scrinia</strong></span> <span class='ocrx_word' id='word_1_428' title='bbox 1681 2717 1710 2765; x_wconf 88' lang='lat' dir='ltr'><strong>et</strong></span> 
     </span>
    </p>
   </div>
   <div class='ocr_carea' id='block_1_18' title="bbox 64 2773 1707 2833">
    <p class='ocr_par' dir='ltr' id='par_1_20' title="bbox 64 2773 1707 2833">
     <span class='ocr_line' id='line_1_36' title="bbox 64 2773 1707 2833; baseline 0.002 -4"><span class='ocrx_word' id='word_1_429' title='bbox 64 2776 199 2832; x_wconf 71' lang='lat' dir='ltr'><strong>tndoaar</strong></span> <span class='ocrx_word' id='word_1_430' title='bbox 216 2776 336 2831; x_wconf 81' lang='lat' dir='ltr'><strong>Flavias</strong></span> <span class='ocrx_word' id='word_1_431' title='bbox 354 2773 525 2830; x_wconf 76' lang='lat' dir='ltr'><strong>[ananiense</strong></span> <span class='ocrx_word' id='word_1_432' title='bbox 535 2774 728 2829; x_wconf 81' lang='lat' dir='ltr'><strong>Alamannicus</strong></span> <span class='ocrx_word' id='word_1_433' title='bbox 770 2775 851 2830; x_wconf 82' lang='lat' dir='ltr'><strong>ottbi-</strong></span> <span class='ocrx_word' id='word_1_434' title='bbox 900 2776 991 2831; x_wconf 81' lang='lat' dir='ltr'><strong>officia</strong></span> <span class='ocrx_word' id='word_1_435' title='bbox 1013 2775 1126 2830; x_wconf 87' lang='lat' dir='ltr'><strong>militare</strong></span> <span class='ocrx_word' id='word_1_436' title='bbox 1148 2774 1323 2830; x_wconf 89' lang='lat' dir='ltr'><strong>decernimus.</strong></span> <span class='ocrx_word' id='word_1_437' title='bbox 1361 2776 1390 2828; x_wconf 90' lang='lat' dir='ltr'><strong>in</strong></span> <span class='ocrx_word' id='word_1_438' title='bbox 1412 2775 1509 2832; x_wconf 84' lang='lat' dir='ltr'><strong>officiis</strong></span> <span class='ocrx_word' id='word_1_439' title='bbox 1529 2792 1592 2833; x_wconf 83' lang='lat' dir='ltr'><strong>rere</strong></span> <span class='ocrx_word' id='word_1_440' title='bbox 1611 2794 1707 2833; x_wconf 89' lang='lat' dir='ltr'><strong>censu·</strong></span> 
     </span>
    </p>
   </div>
   <div class='ocr_carea' id='block_1_19' title="bbox 4 2841 1710 3166">
    <p class='ocr_par' dir='ltr' id='par_1_21' title="bbox 4 2841 1710 3051">
     <span class='ocr_line' id='line_1_37' title="bbox 6 2841 1708 2914; baseline 0.004 -21"><span class='ocrx_word' id='word_1_441' title='bbox 6 2890 7 2893; x_wconf 74' lang='grc'>,</span> <span class='ocrx_word' id='word_1_442' title='bbox 62 2859 95 2897; x_wconf 77' lang='lat' dir='ltr'><strong>aa</strong></span> <span class='ocrx_word' id='word_1_443' title='bbox 111 2845 259 2900; x_wconf 65' lang='lat' dir='ltr'><strong>banacas</strong></span> <span class='ocrx_word' id='word_1_444' title='bbox 286 2841 463 2898; x_wconf 72' lang='lat' dir='ltr'><strong>Gennamm</strong></span> <span class='ocrx_word' id='word_1_445' title='bbox 479 2844 593 2897; x_wconf 71' lang='lat' dir='ltr'><strong>Ananis</strong></span> <span class='ocrx_word' id='word_1_446' title='bbox 608 2842 740 2897; x_wconf 81' lang='lat' dir='ltr'><strong>Aloaioas</strong></span> <span class='ocrx_word' id='word_1_447' title='bbox 764 2842 851 2898; x_wconf 85' lang='lat' dir='ltr'><strong>Vran-</strong></span> <span class='ocrx_word' id='word_1_448' title='bbox 899 2845 996 2900; x_wconf 77' lang='lat' dir='ltr'><strong>briem</strong></span> <span class='ocrx_word' id='word_1_449' title='bbox 1019 2859 1052 2898; x_wconf 88' lang='lat' dir='ltr'><strong>ac</strong></span> <span class='ocrx_word' id='word_1_450' title='bbox 1068 2842 1220 2912; x_wconf 78' lang='lat' dir='ltr'><strong>praesidum</strong></span> <span class='ocrx_word' id='word_1_451' title='bbox 1244 2842 1435 2912; x_wconf 79' lang='lat' dir='ltr'><strong>quinquaginta</strong></span> <span class='ocrx_word' id='word_1_452' title='bbox 1451 2844 1571 2900; x_wconf 88' lang='lat' dir='ltr'><strong>hemines</strong></span> <span class='ocrx_word' id='word_1_453' title='bbox 1588 2846 1708 2914; x_wconf 86' lang='lat' dir='ltr'><strong>persin-</strong></span> 
     </span>
     <span class='ocr_line' id='line_1_38' title="bbox 5 2909 1708 2984; baseline 0.001 -17"><span class='ocrx_word' id='word_1_454' title='bbox 5 2960 6 2967; x_wconf 72' lang='grc'>,</span> <span class='ocrx_word' id='word_1_455' title='bbox 39 2909 143 2966; x_wconf 39' lang='lat' dir='ltr'><strong>*lata</strong></span> <span class='ocrx_word' id='word_1_456' title='bbox 174 2911 334 2984; x_wconf 68' lang='lat' dir='ltr'><strong>Africanas</strong></span> <span class='ocrx_word' id='word_1_457' title='bbox 362 2912 430 2982; x_wconf 74' lang='lat' dir='ltr'><strong>pias</strong></span> <span class='ocrx_word' id='word_1_458' title='bbox 460 2911 536 2982; x_wconf 80' lang='lat' dir='ltr'><strong>salix</strong></span> <span class='ocrx_word' id='word_1_459' title='bbox 568 2910 678 2964; x_wconf 84' lang='lat' dir='ltr'><strong>inclitas</strong></span> <span class='ocrx_word' id='word_1_460' title='bbox 703 2911 793 2966; x_wconf 81' lang='lat' dir='ltr'><strong>eicior</strong></span> <span class='ocrx_word' id='word_1_461' title='bbox 818 2926 853 2965; x_wconf 89' lang='lat' dir='ltr'><strong>oc</strong></span> <span class='ocrx_word' id='word_1_462' title='bbox 903 2914 988 2980; x_wconf 73' lang='grc'>1414)</span> <span class='ocrx_word' id='word_1_463' title='bbox 1022 2911 1085 2980; x_wconf 86' lang='lat' dir='ltr'><strong>gula</strong></span> <span class='ocrx_word' id='word_1_464' title='bbox 1102 2910 1192 2964; x_wconf 81' lang='lat' dir='ltr'><strong>efficis</strong></span> <span class='ocrx_word' id='word_1_465' title='bbox 1208 2926 1268 2965; x_wconf 89' lang='lat' dir='ltr'><strong>esse</strong></span> <span class='ocrx_word' id='word_1_466' title='bbox 1285 2911 1426 2965; x_wconf 89' lang='lat' dir='ltr'><strong>sancimus.</strong></span> <span class='ocrx_word' id='word_1_467' title='bbox 1467 2912 1620 2979; x_wconf 72' lang='lat' dir='ltr'><strong>Quaerere</strong></span> <span class='ocrx_word' id='word_1_468' title='bbox 1638 2929 1708 2968; x_wconf 87' lang='lat' dir='ltr'><strong>eme·</strong></span> 
     </span>
     <span class='ocr_line' id='line_1_39' title="bbox 4 2976 1710 3051; baseline 0.001 -19"><span class='ocrx_word' id='word_1_469' title='bbox 4 2988 9 3049; x_wconf 80' lang='lat' dir='ltr'><strong>J,</strong></span> <span class='ocrx_word' id='word_1_470' title='bbox 61 2979 221 3051; x_wconf 70' lang='lat' dir='ltr'><strong>amplator</strong></span> <span class='ocrx_word' id='word_1_471' title='bbox 247 2995 358 3050; x_wconf 79' lang='lat' dir='ltr'><strong>semper</strong></span> <span class='ocrx_word' id='word_1_472' title='bbox 382 2983 522 3049; x_wconf 73' lang='lat' dir='ltr'><strong>Appianis</strong></span> <span class='ocrx_word' id='word_1_473' title='bbox 546 2977 681 3033; x_wconf 62' lang='lat' dir='ltr'><strong>medelae</strong></span> <span class='ocrx_word' id='word_1_474' title='bbox 702 2979 851 3050; x_wconf 81' lang='lat' dir='ltr'><strong>praesecto</strong></span> <span class='ocrx_word' id='word_1_475' title='bbox 901 2981 1020 3034; x_wconf 88' lang='lat' dir='ltr'><strong>lumenta</strong></span> <span class='ocrx_word' id='word_1_476' title='bbox 1045 2979 1100 3033; x_wconf 81' lang='lat' dir='ltr'><strong>sire</strong></span> <span class='ocrx_word' id='word_1_477' title='bbox 1124 2976 1320 3045; x_wconf 86' lang='lat' dir='ltr'><strong>magnificentia</strong></span> <span class='ocrx_word' id='word_1_478' title='bbox 1349 2984 1397 3032; x_wconf 89' lang='lat' dir='ltr'><strong>tua</strong></span> <span class='ocrx_word' id='word_1_479' title='bbox 1422 2979 1477 3034; x_wconf 81' lang='lat' dir='ltr'><strong>sire</strong></span> <span class='ocrx_word' id='word_1_480' title='bbox 1502 2981 1656 3035; x_wconf 72' lang='lat' dir='ltr'><strong>consulam</strong></span> <span class='ocrx_word' id='word_1_481' title='bbox 1683 2988 1710 3034; x_wconf 89' lang='lat' dir='ltr'><strong>et</strong></span> 
     </span>
    </p>

    <p class='ocr_par' dir='ltr' id='par_1_22' title="bbox 56 3045 1709 3166">
     <span class='ocr_line' id='line_1_40' title="bbox 56 3045 1709 3166; baseline 0.002 -66"><span class='ocrx_word' id='word_1_482' title='bbox 56 3048 177 3114; x_wconf 65' lang='lat' dir='ltr'><strong>pransae</strong></span> <span class='ocrx_word' id='word_1_483' title='bbox 201 3047 329 3117; x_wconf 75' lang='lat' dir='ltr'><strong>Africae.</strong></span> <span class='ocrx_word' id='word_1_484' title='bbox 373 3045 446 3112; x_wconf 76' lang='lat' dir='ltr'><strong>Quas</strong></span> <span class='ocrx_word' id='word_1_485' title='bbox 470 3045 572 3166; x_wconf 52' lang='lat' dir='ltr'><strong>podas</strong></span> <span class='ocrx_word' id='word_1_486' title='bbox 596 3050 644 3099; x_wconf 86' lang='lat' dir='ltr'><strong>aut</strong></span> <span class='ocrx_word' id='word_1_487' title='bbox 669 3061 735 3112; x_wconf 87' lang='lat' dir='ltr'><strong>quas</strong></span> <span class='ocrx_word' id='word_1_488' title='bbox 758 3045 851 3100; x_wconf 75' lang='lat' dir='ltr'><strong>mades</strong></span> <span class='ocrx_word' id='word_1_489' title='bbox 900 3047 1037 3118; x_wconf 73' lang='lat' dir='ltr'><strong>praesides</strong></span> <span class='ocrx_word' id='word_1_490' title='bbox 1058 3052 1086 3099; x_wconf 90' lang='lat' dir='ltr'><strong>et</strong></span> <span class='ocrx_word' id='word_1_491' title='bbox 1107 3045 1172 3114; x_wconf 90' lang='lat' dir='ltr'><strong>quid</strong></span> <span class='ocrx_word' id='word_1_492' title='bbox 1193 3046 1376 3115; x_wconf 89' lang='lat' dir='ltr'><strong>unusquisque</strong></span> <span class='ocrx_word' id='word_1_493' title='bbox 1399 3061 1433 3100; x_wconf 83' lang='lat' dir='ltr'><strong>es</strong></span> <span class='ocrx_word' id='word_1_494' title='bbox 1456 3046 1545 3102; x_wconf 85' lang='lat' dir='ltr'><strong>officie</strong></span> <span class='ocrx_word' id='word_1_495' title='bbox 1566 3062 1658 3103; x_wconf 85' lang='lat' dir='ltr'><strong>comm</strong></span> <span class='ocrx_word' id='word_1_496' title='bbox 1675 3049 1709 3103; x_wconf 91' lang='lat' dir='ltr'><strong>de</strong></span> 
     </span>
    </p>
   </div>
   <div class='ocr_carea' id='block_1_20' title="bbox 4 3422 11 3495">
    <p class='ocr_par' dir='ltr' id='par_1_23' title="bbox 4 3422 11 3495">
     <span class='ocr_line' id='line_1_41' title="bbox 4 3422 11 3495; baseline 0 0"><span class='ocrx_word' id='word_1_497' title='bbox 4 3422 11 3495; x_wconf 94' lang='lat' dir='ltr'><strong>l</strong></span> 
     </span>
    </p>
   </div>
   <div class='ocr_carea' id='block_1_21' title="bbox 59 3111 1710 3522">
    <p class='ocr_par' dir='ltr' id='par_1_24' title="bbox 59 3111 1710 3522">
     <span class='ocr_line' id='line_1_42' title="bbox 60 3111 1709 3184; baseline 0.002 -19"><span class='ocrx_word' id='word_1_498' title='bbox 60 3111 145 3168; x_wconf 83' lang='lat' dir='ltr'><strong>domine</strong></span> <span class='ocrx_word' id='word_1_499' title='bbox 168 3114 220 3169; x_wconf 90' lang='lat' dir='ltr'><strong>deo</strong></span> <span class='ocrx_word' id='word_1_500' title='bbox 247 3118 344 3167; x_wconf 86' lang='lat' dir='ltr'><strong>nostre</strong></span> <span class='ocrx_word' id='word_1_501' title='bbox 365 3113 446 3168; x_wconf 88' lang='lat' dir='ltr'><strong>Ibesn</strong></span> <span class='ocrx_word' id='word_1_502' title='bbox 491 3113 577 3167; x_wconf 84' lang='lat' dir='ltr'><strong>bristo</strong></span> <span class='ocrx_word' id='word_1_503' title='bbox 602 3111 728 3168; x_wconf 81' lang='lat' dir='ltr'><strong>exhibere</strong></span> <span class='ocrx_word' id='word_1_504' title='bbox 754 3112 852 3168; x_wconf 89' lang='lat' dir='ltr'><strong>debea-</strong></span> <span class='ocrx_word' id='word_1_505' title='bbox 903 3114 1011 3184; x_wconf 90' lang='lat' dir='ltr'><strong>publico</strong></span> <span class='ocrx_word' id='word_1_506' title='bbox 1037 3112 1165 3181; x_wconf 82' lang='lat' dir='ltr'><strong>consequi</strong></span> <span class='ocrx_word' id='word_1_507' title='bbox 1190 3113 1283 3180; x_wconf 82' lang='lat' dir='ltr'><strong>debet,</strong></span> <span class='ocrx_word' id='word_1_508' title='bbox 1308 3114 1405 3167; x_wconf 88' lang='lat' dir='ltr'><strong>notitia</strong></span> <span class='ocrx_word' id='word_1_509' title='bbox 1429 3113 1523 3169; x_wconf 84' lang='lat' dir='ltr'><strong>subter</strong></span> <span class='ocrx_word' id='word_1_510' title='bbox 1543 3116 1648 3169; x_wconf 83' lang='lat' dir='ltr'><strong>adnexa</strong></span> <span class='ocrx_word' id='word_1_511' title='bbox 1664 3116 1709 3169; x_wconf 89' lang='lat' dir='ltr'><strong>de-</strong></span> 
     </span>
     <span class='ocr_line' id='line_1_43' title="bbox 59 3180 1709 3264; baseline 0.001 -30"><span class='ocrx_word' id='word_1_512' title='bbox 59 3194 116 3246; x_wconf 85' lang='lat' dir='ltr'><strong>nas,</strong></span> <span class='ocrx_word' id='word_1_513' title='bbox 136 3197 184 3236; x_wconf 91' lang='lat' dir='ltr'><strong>nec</strong></span> <span class='ocrx_word' id='word_1_514' title='bbox 206 3196 287 3235; x_wconf 90' lang='lat' dir='ltr'><strong>mens</strong></span> <span class='ocrx_word' id='word_1_515' title='bbox 310 3186 403 3260; x_wconf 77' lang='lat' dir='ltr'><strong>nostra</strong></span> <span class='ocrx_word' id='word_1_516' title='bbox 425 3187 515 3250; x_wconf 90' lang='lat' dir='ltr'><strong>petest</strong></span> <span class='ocrx_word' id='word_1_517' title='bbox 538 3181 678 3249; x_wconf 87' lang='lat' dir='ltr'><strong>concipere</strong></span> <span class='ocrx_word' id='word_1_518' title='bbox 694 3195 745 3235; x_wconf 87' lang='lat' dir='ltr'><strong>nec</strong></span> <span class='ocrx_word' id='word_1_519' title='bbox 761 3181 852 3262; x_wconf 81' lang='lat' dir='ltr'><strong>lingua</strong></span> <span class='ocrx_word' id='word_1_520' title='bbox 904 3188 935 3237; x_wconf 82' lang='lat'><strong>15</strong></span> <span class='ocrx_word' id='word_1_521' title='bbox 953 3183 990 3250; x_wconf 79' lang='grc' dir='ltr'>(ι)</span> <span class='ocrx_word' id='word_1_522' title='bbox 1009 3182 1101 3235; x_wconf 87' lang='lat' dir='ltr'><strong>clarat.</strong></span> <span class='ocrx_word' id='word_1_523' title='bbox 1129 3180 1259 3252; x_wconf 88' lang='lat' dir='ltr'><strong>Optamus</strong></span> <span class='ocrx_word' id='word_1_524' title='bbox 1277 3196 1348 3262; x_wconf 80' lang='lat' dir='ltr'><strong>erge,</strong></span> <span class='ocrx_word' id='word_1_525' title='bbox 1367 3188 1397 3234; x_wconf 91' lang='lat' dir='ltr'><strong>ut</strong></span> <span class='ocrx_word' id='word_1_526' title='bbox 1411 3197 1505 3264; x_wconf 76' lang='lat' dir='ltr'><strong>omnes</strong></span> <span class='ocrx_word' id='word_1_527' title='bbox 1515 3183 1709 3238; x_wconf 86' lang='lat' dir='ltr'><strong>iudicesnestri</strong></span> 
     </span>
     <span class='ocr_line' id='line_1_44' title="bbox 59 3246 1710 3395; baseline -0.007 -13"><span class='ocrx_word' id='word_1_528' title='bbox 59 3249 225 3382; x_wconf 56' lang='lat' dir='ltr'><strong>blm</strong></span> <span class='ocrx_word' id='word_1_529' title='bbox 244 3246 460 3370; x_wconf 51' lang='lat' dir='ltr'><strong>difficili?</strong></span> <span class='ocrx_word' id='word_1_530' title='bbox 475 3254 630 3395; x_wconf 55' lang='grc' dir='ltr'><strong>3,ἓὲἝὲ</strong></span> <span class='ocrx_word' id='word_1_531' title='bbox 643 3246 853 3371; x_wconf 60' lang='lat' dir='ltr'><strong>immittet</strong></span> <span class='ocrx_word' id='word_1_532' title='bbox 901 3249 1058 3372; x_wconf 68' lang='lat' dir='ltr'><strong>distiti</strong></span> <span class='ocrx_word' id='word_1_533' title='bbox 1076 3247 1439 3384; x_wconf 50' lang='lat' dir='ltr'><strong>{libertatem</strong></span> <span class='ocrx_word' id='word_1_534' title='bbox 1461 3250 1710 3373; x_wconf 71' lang='lat' dir='ltr'><strong>itetmtltt</strong></span> 
     </span>
     <span class='ocr_line' id='line_1_45' title="bbox 59 3380 1709 3453; baseline 0.002 -17"><span class='ocrx_word' id='word_1_535' title='bbox 59 3382 209 3449; x_wconf 65' lang='lat' dir='ltr'><strong>maner,</strong></span> <span class='ocrx_word' id='word_1_536' title='bbox 242 3399 296 3453; x_wconf 91' lang='lat' dir='ltr'><strong>pre</strong></span> <span class='ocrx_word' id='word_1_537' title='bbox 328 3382 425 3452; x_wconf 90' lang='lat' dir='ltr'><strong>quibus</strong></span> <span class='ocrx_word' id='word_1_538' title='bbox 455 3380 521 3436; x_wconf 83' lang='lat' dir='ltr'><strong>nihil</strong></span> <span class='ocrx_word' id='word_1_539' title='bbox 553 3382 659 3451; x_wconf 85' lang='lat' dir='ltr'><strong>dignam</strong></span> <span class='ocrx_word' id='word_1_540' title='bbox 692 3399 741 3437; x_wconf 92' lang='lat' dir='ltr'><strong>nes</strong></span> <span class='ocrx_word' id='word_1_541' title='bbox 766 3384 853 3452; x_wconf 89' lang='lat' dir='ltr'><strong>egisse</strong></span> <span class='ocrx_word' id='word_1_542' title='bbox 902 3386 989 3440; x_wconf 89' lang='lat' dir='ltr'><strong>tiones</strong></span> <span class='ocrx_word' id='word_1_543' title='bbox 1005 3384 1155 3453; x_wconf 89' lang='lat' dir='ltr'><strong>gubernare</strong></span> <span class='ocrx_word' id='word_1_544' title='bbox 1171 3382 1306 3448; x_wconf 77' lang='lat' dir='ltr'><strong>studeant</strong></span> <span class='ocrx_word' id='word_1_545' title='bbox 1331 3383 1470 3439; x_wconf 83' lang='lat' dir='ltr'><strong>ninellus</strong></span> <span class='ocrx_word' id='word_1_546' title='bbox 1488 3399 1580 3440; x_wconf 89' lang='lat' dir='ltr'><strong>eorum</strong></span> <span class='ocrx_word' id='word_1_547' title='bbox 1597 3392 1645 3440; x_wconf 87' lang='lat' dir='ltr'><strong>aut</strong></span> <span class='ocrx_word' id='word_1_548' title='bbox 1662 3403 1709 3440; x_wconf 89' lang='lat' dir='ltr'><strong>cu·</strong></span> 
     </span>
     <span class='ocr_line' id='line_1_46' title="bbox 59 3449 1709 3522; baseline 0.002 -17"><span class='ocrx_word' id='word_1_549' title='bbox 59 3451 240 3517; x_wconf 73' lang='lat' dir='ltr'><strong>omonimus:</strong></span> <span class='ocrx_word' id='word_1_550' title='bbox 265 3465 333 3520; x_wconf 89' lang='lat' dir='ltr'><strong>prae</strong></span> <span class='ocrx_word' id='word_1_551' title='bbox 356 3451 477 3504; x_wconf 90' lang='lat' dir='ltr'><strong>omnibus</strong></span> <span class='ocrx_word' id='word_1_552' title='bbox 500 3449 667 3515; x_wconf 75' lang='lat' dir='ltr'><strong>remeabas,</strong></span> <span class='ocrx_word' id='word_1_553' title='bbox 689 3450 851 3519; x_wconf 89' lang='lat' dir='ltr'><strong>quodnuuc</strong></span> <span class='ocrx_word' id='word_1_554' title='bbox 921 3451 1008 3508; x_wconf 88' lang='lat' dir='ltr'><strong>iditati</strong></span> <span class='ocrx_word' id='word_1_555' title='bbox 1033 3452 1068 3505; x_wconf 90' lang='lat' dir='ltr'><strong>sit</strong></span> <span class='ocrx_word' id='word_1_556' title='bbox 1092 3450 1198 3505; x_wconf 87' lang='lat' dir='ltr'><strong>deditus</strong></span> <span class='ocrx_word' id='word_1_557' title='bbox 1224 3456 1271 3504; x_wconf 88' lang='lat' dir='ltr'><strong>aet</strong></span> <span class='ocrx_word' id='word_1_558' title='bbox 1292 3450 1431 3506; x_wconf 83' lang='lat' dir='ltr'><strong>violentias</strong></span> <span class='ocrx_word' id='word_1_559' title='bbox 1457 3452 1561 3521; x_wconf 87' lang='lat' dir='ltr'><strong>aliquas</strong></span> <span class='ocrx_word' id='word_1_560' title='bbox 1583 3454 1625 3507; x_wconf 82' lang='lat' dir='ltr'><strong>sel</strong></span> <span class='ocrx_word' id='word_1_561' title='bbox 1652 3454 1709 3522; x_wconf 91' lang='lat' dir='ltr'><strong>ipse</strong></span> 
     </span>
    </p>
   </div>
   <div class='ocr_carea' id='block_1_22' title="bbox 5 3500 1709 3589">
    <p class='ocr_par' dir='ltr' id='par_1_25' title="bbox 5 3500 1709 3589">
     <span class='ocr_line' id='line_1_47' title="bbox 5 3500 1709 3589; baseline 0.004 -20"><span class='ocrx_word' id='word_1_562' title='bbox 5 3500 13 3569; x_wconf 86' lang='lat' dir='ltr'><strong>l</strong></span> <span class='ocrx_word' id='word_1_563' title='bbox 60 3516 111 3573; x_wconf 74' lang='lat' dir='ltr'><strong>mus</strong></span> <span class='ocrx_word' id='word_1_564' title='bbox 133 3520 302 3589; x_wconf 89' lang='lat' dir='ltr'><strong>omnipotens</strong></span> <span class='ocrx_word' id='word_1_565' title='bbox 324 3532 373 3587; x_wconf 91' lang='grc' dir='ltr'><strong>ρει</strong></span> <span class='ocrx_word' id='word_1_566' title='bbox 395 3533 444 3572; x_wconf 90' lang='lat' dir='ltr'><strong>nos</strong></span> <span class='ocrx_word' id='word_1_567' title='bbox 462 3533 511 3586; x_wconf 92' lang='lat' dir='ltr'><strong>pro</strong></span> <span class='ocrx_word' id='word_1_568' title='bbox 529 3533 579 3573; x_wconf 92' lang='lat' dir='ltr'><strong>sua</strong></span> <span class='ocrx_word' id='word_1_569' title='bbox 595 3518 674 3572; x_wconf 88' lang='lat' dir='ltr'><strong>laude</strong></span> <span class='ocrx_word' id='word_1_570' title='bbox 690 3522 719 3573; x_wconf 88' lang='grc' dir='ltr'><strong>ει</strong></span> <span class='ocrx_word' id='word_1_571' title='bbox 734 3533 784 3587; x_wconf 83' lang='grc' dir='ltr'><strong>ριο</strong></span> <span class='ocrx_word' id='word_1_572' title='bbox 803 3534 852 3573; x_wconf 91' lang='lat' dir='ltr'><strong>suo</strong></span> <span class='ocrx_word' id='word_1_573' title='bbox 942 3524 1000 3573; x_wconf 88' lang='lat' dir='ltr'><strong>erat</strong></span> <span class='ocrx_word' id='word_1_574' title='bbox 1021 3520 1063 3573; x_wconf 84' lang='lat' dir='ltr'><strong>sel</strong></span> <span class='ocrx_word' id='word_1_575' title='bbox 1085 3517 1218 3572; x_wconf 87' lang='lat' dir='ltr'><strong>indicibus</strong></span> <span class='ocrx_word' id='word_1_576' title='bbox 1241 3523 1289 3572; x_wconf 89' lang='lat' dir='ltr'><strong>aut</strong></span> <span class='ocrx_word' id='word_1_577' title='bbox 1307 3517 1402 3573; x_wconf 86' lang='lat' dir='ltr'><strong>officiis</strong></span> <span class='ocrx_word' id='word_1_578' title='bbox 1426 3534 1517 3574; x_wconf 88' lang='lat' dir='ltr'><strong>oerum</strong></span> <span class='ocrx_word' id='word_1_579' title='bbox 1534 3524 1582 3574; x_wconf 86' lang='lat' dir='ltr'><strong>sut</strong></span> <span class='ocrx_word' id='word_1_580' title='bbox 1599 3521 1709 3588; x_wconf 88' lang='lat' dir='ltr'><strong>quibus·</strong></span> 
     </span>
    </p>
   </div>
   <div class='ocr_carea' id='block_1_23' title="bbox 3 4078 12 4183">
    <p class='ocr_par' dir='ltr' id='par_1_26' title="bbox 3 4078 12 4183">
     <span class='ocr_line' id='line_1_48' title="bbox 3 4078 12 4183; baseline 0 0"><span class='ocrx_word' id='word_1_581' title='bbox 3 4078 12 4183; x_wconf 87' lang='lat' dir='ltr'><strong>l</strong></span> 
     </span>
    </p>
   </div>
   <div class='ocr_carea' id='block_1_24' title="bbox 3 4188 763 4263">
    <p class='ocr_par' dir='ltr' id='par_1_27' title="bbox 3 4188 763 4263">
     <span class='ocr_line' id='line_1_49' title="bbox 3 4188 763 4263; baseline 0 -16"><span class='ocrx_word' id='word_1_582' title='bbox 3 4188 11 4247; x_wconf 73' lang='lat' dir='ltr'><strong>&#39;t</strong></span> <span class='ocrx_word' id='word_1_583' title='bbox 61 4194 74 4241; x_wconf 79' lang='grc' dir='ltr'><strong>ι</strong></span> <span class='ocrx_word' id='word_1_584' title='bbox 100 4191 170 4261; x_wconf 80' lang='lat' dir='ltr'><strong>Ipsus</strong></span> <span class='ocrx_word' id='word_1_585' title='bbox 187 4209 296 4263; x_wconf 90' lang='lat' dir='ltr'><strong>qaoque</strong></span> <span class='ocrx_word' id='word_1_586' title='bbox 312 4192 356 4247; x_wconf 89' lang='lat' dir='ltr'><strong>dei</strong></span> <span class='ocrx_word' id='word_1_587' title='bbox 373 4201 560 4248; x_wconf 88' lang='lat' dir='ltr'><strong>sacrosanctas</strong></span> <span class='ocrx_word' id='word_1_588' title='bbox 578 4192 704 4247; x_wconf 86' lang='lat' dir='ltr'><strong>ecclesias</strong></span> <span class='ocrx_word' id='word_1_589' title='bbox 722 4194 763 4247; x_wconf 89' lang='lat' dir='ltr'><strong>sui</strong></span> 
     </span>
    </p>
   </div>
   <div class='ocr_carea' id='block_1_25' title="bbox 58 3585 1711 4332">
    <p class='ocr_par' dir='ltr' id='par_1_28' title="bbox 58 3585 1711 4332">
     <span class='ocr_line' id='line_1_50' title="bbox 59 3585 1711 3656; baseline 0.004 -20"><span class='ocrx_word' id='word_1_590' title='bbox 59 3585 147 3640; x_wconf 77' lang='lat' dir='ltr'><strong>nmina</strong></span> <span class='ocrx_word' id='word_1_591' title='bbox 172 3587 358 3641; x_wconf 88' lang='lat' dir='ltr'><strong>demonstrare</strong></span> <span class='ocrx_word' id='word_1_592' title='bbox 383 3585 506 3653; x_wconf 88' lang='lat' dir='ltr'><strong>diguatus</strong></span> <span class='ocrx_word' id='word_1_593' title='bbox 536 3592 591 3649; x_wconf 83' lang='lat' dir='ltr'><strong>est,</strong></span> <span class='ocrx_word' id='word_1_594' title='bbox 626 3585 731 3640; x_wconf 75' lang='lat' dir='ltr'><strong>excedit</strong></span> <span class='ocrx_word' id='word_1_595' title='bbox 764 3586 853 3640; x_wconf 87' lang='lat' dir='ltr'><strong>emnia</strong></span> <span class='ocrx_word' id='word_1_596' title='bbox 903 3601 1016 3656; x_wconf 88' lang='lat' dir='ltr'><strong>eumque</strong></span> <span class='ocrx_word' id='word_1_597' title='bbox 1041 3585 1101 3640; x_wconf 87' lang='lat' dir='ltr'><strong>aliis</strong></span> <span class='ocrx_word' id='word_1_598' title='bbox 1127 3585 1298 3640; x_wconf 89' lang='lat' dir='ltr'><strong>collateribus</strong></span> <span class='ocrx_word' id='word_1_599' title='bbox 1324 3586 1423 3640; x_wconf 84' lang='lat' dir='ltr'><strong>inferre</strong></span> <span class='ocrx_word' id='word_1_600' title='bbox 1489 3588 1599 3641; x_wconf 88' lang='lat' dir='ltr'><strong>rmittat.</strong></span> <span class='ocrx_word' id='word_1_601' title='bbox 1647 3589 1711 3642; x_wconf 83' lang='lat' dir='ltr'><strong>licet</strong></span> 
     </span>
     <span class='ocr_line' id='line_1_51' title="bbox 59 3651 1710 3723; baseline 0.002 -18"><span class='ocrx_word' id='word_1_602' title='bbox 59 3651 172 3708; x_wconf 74' lang='lat' dir='ltr'><strong>mattis</strong></span> <span class='ocrx_word' id='word_1_603' title='bbox 196 3667 296 3723; x_wconf 86' lang='lat' dir='ltr'><strong>opera,</strong></span> <span class='ocrx_word' id='word_1_604' title='bbox 331 3667 400 3721; x_wconf 87' lang='lat' dir='ltr'><strong>quae</strong></span> <span class='ocrx_word' id='word_1_605' title='bbox 424 3653 453 3706; x_wconf 89' lang='lat' dir='ltr'><strong>in</strong></span> <span class='ocrx_word' id='word_1_606' title='bbox 477 3653 584 3706; x_wconf 85' lang='lat' dir='ltr'><strong>saecule</strong></span> <span class='ocrx_word' id='word_1_607' title='bbox 607 3653 788 3721; x_wconf 84' lang='lat' dir='ltr'><strong>contigerunt,</strong></span> <span class='ocrx_word' id='word_1_608' title='bbox 822 3660 853 3707; x_wconf 90' lang='lat' dir='ltr'><strong>ut</strong></span> <span class='ocrx_word' id='word_1_609' title='bbox 903 3656 973 3709; x_wconf 90' lang='lat' dir='ltr'><strong>enim</strong></span> <span class='ocrx_word' id='word_1_610' title='bbox 989 3666 1038 3723; x_wconf 89' lang='lat' dir='ltr'><strong>per</strong></span> <span class='ocrx_word' id='word_1_611' title='bbox 1053 3668 1145 3707; x_wconf 89' lang='lat' dir='ltr'><strong>omnes</strong></span> <span class='ocrx_word' id='word_1_612' title='bbox 1162 3654 1312 3722; x_wconf 80' lang='lat' dir='ltr'><strong>provincias</strong></span> <span class='ocrx_word' id='word_1_613' title='bbox 1328 3659 1434 3708; x_wconf 88' lang='lat' dir='ltr'><strong>uestras</strong></span> <span class='ocrx_word' id='word_1_614' title='bbox 1466 3670 1498 3708; x_wconf 89' lang='lat' dir='ltr'><strong>oe</strong></span> <span class='ocrx_word' id='word_1_615' title='bbox 1512 3655 1618 3709; x_wconf 86' lang='lat' dir='ltr'><strong>iurante</strong></span> <span class='ocrx_word' id='word_1_616' title='bbox 1635 3656 1710 3710; x_wconf 85' lang='lat' dir='ltr'><strong>iesti-</strong></span> 
     </span>
     <span class='ocr_line' id='line_1_52' title="bbox 58 3718 1710 3790; baseline 0 -13"><span class='ocrx_word' id='word_1_617' title='bbox 58 3718 137 3776; x_wconf 72' lang='lat' dir='ltr'><strong>atra</strong></span> <span class='ocrx_word' id='word_1_618' title='bbox 155 3736 206 3790; x_wconf 88' lang='lat' dir='ltr'><strong>per</strong></span> <span class='ocrx_word' id='word_1_619' title='bbox 227 3735 279 3776; x_wconf 88' lang='lat' dir='ltr'><strong>nos</strong></span> <span class='ocrx_word' id='word_1_620' title='bbox 301 3726 356 3773; x_wconf 87' lang='lat' dir='ltr'><strong>tam</strong></span> <span class='ocrx_word' id='word_1_621' title='bbox 378 3721 455 3774; x_wconf 80' lang='lat' dir='ltr'><strong>brevi</strong></span> <span class='ocrx_word' id='word_1_622' title='bbox 476 3727 594 3789; x_wconf 83' lang='lat' dir='ltr'><strong>tempore</strong></span> <span class='ocrx_word' id='word_1_623' title='bbox 617 3721 748 3789; x_wconf 87' lang='lat' dir='ltr'><strong>reciperet</strong></span> <span class='ocrx_word' id='word_1_624' title='bbox 772 3721 852 3775; x_wconf 87' lang='lat' dir='ltr'><strong>liber-</strong></span> <span class='ocrx_word' id='word_1_625' title='bbox 903 3736 1003 3785; x_wconf 87' lang='lat' dir='ltr'><strong>nemus,</strong></span> <span class='ocrx_word' id='word_1_626' title='bbox 1022 3727 1053 3774; x_wconf 89' lang='lat' dir='ltr'><strong>ut</strong></span> <span class='ocrx_word' id='word_1_627' title='bbox 1068 3721 1175 3774; x_wconf 86' lang='lat' dir='ltr'><strong>illaesos</strong></span> <span class='ocrx_word' id='word_1_628' title='bbox 1193 3720 1311 3775; x_wconf 85' lang='lat' dir='ltr'><strong>babeant</strong></span> <span class='ocrx_word' id='word_1_629' title='bbox 1329 3721 1478 3788; x_wconf 85' lang='lat' dir='ltr'><strong>collatores,</strong></span> <span class='ocrx_word' id='word_1_630' title='bbox 1496 3724 1710 3777; x_wconf 81' lang='lat' dir='ltr'><strong>maximetamen</strong></span> 
     </span>
     <span class='ocr_line' id='line_1_53' title="bbox 58 3786 1711 3860; baseline 0.002 -19"><span class='ocrx_word' id='word_1_631' title='bbox 58 3791 138 3855; x_wconf 68' lang='lat' dir='ltr'><strong>latam</strong></span> <span class='ocrx_word' id='word_1_632' title='bbox 160 3794 223 3844; x_wconf 84' lang='lat' dir='ltr'><strong>ante</strong></span> <span class='ocrx_word' id='word_1_633' title='bbox 248 3795 357 3843; x_wconf 85' lang='lat' dir='ltr'><strong>eentum</strong></span> <span class='ocrx_word' id='word_1_634' title='bbox 374 3795 402 3842; x_wconf 88' lang='lat' dir='ltr'><strong>et</strong></span> <span class='ocrx_word' id='word_1_635' title='bbox 419 3786 552 3856; x_wconf 77' lang='lat' dir='ltr'><strong>qulnqne⁰</strong></span> <span class='ocrx_word' id='word_1_636' title='bbox 569 3803 654 3841; x_wconf 87' lang='lat' dir='ltr'><strong>annes</strong></span> <span class='ocrx_word' id='word_1_637' title='bbox 672 3804 688 3840; x_wconf 90' lang='lat' dir='ltr'><strong>a</strong></span> <span class='ocrx_word' id='word_1_638' title='bbox 704 3789 853 3842; x_wconf 82' lang='lat' dir='ltr'><strong>Vrandalis</strong></span> <span class='ocrx_word' id='word_1_639' title='bbox 902 3789 1050 3843; x_wconf 86' lang='lat' dir='ltr'><strong>tributariis</strong></span> <span class='ocrx_word' id='word_1_640' title='bbox 1068 3788 1219 3842; x_wconf 89' lang='lat' dir='ltr'><strong>dioeceseos</strong></span> <span class='ocrx_word' id='word_1_641' title='bbox 1235 3788 1380 3843; x_wconf 83' lang='lat' dir='ltr'><strong>Africanae</strong></span> <span class='ocrx_word' id='word_1_642' title='bbox 1397 3788 1568 3856; x_wconf 72' lang='lat' dir='ltr'><strong>censuimus,</strong></span> <span class='ocrx_word' id='word_1_643' title='bbox 1586 3790 1632 3858; x_wconf 91' lang='lat' dir='ltr'><strong>qui</strong></span> <span class='ocrx_word' id='word_1_644' title='bbox 1648 3797 1711 3860; x_wconf 87' lang='lat' dir='ltr'><strong>pest</strong></span> 
     </span>
     <span class='ocr_line' id='line_1_54' title="bbox 58 3855 1709 3926; baseline 0.001 -16"><span class='ocrx_word' id='word_1_645' title='bbox 58 3856 183 3923; x_wconf 74' lang='lat' dir='ltr'><strong>captivata,</strong></span> <span class='ocrx_word' id='word_1_646' title='bbox 200 3857 248 3926; x_wconf 93' lang='lat' dir='ltr'><strong>qui</strong></span> <span class='ocrx_word' id='word_1_647' title='bbox 265 3855 414 3909; x_wconf 78' lang='lat' dir='ltr'><strong>emmonim</strong></span> <span class='ocrx_word' id='word_1_648' title='bbox 431 3855 540 3909; x_wconf 86' lang='lat' dir='ltr'><strong>inerant</strong></span> <span class='ocrx_word' id='word_1_649' title='bbox 556 3856 634 3908; x_wconf 88' lang='lat' dir='ltr'><strong>simol</strong></span> <span class='ocrx_word' id='word_1_650' title='bbox 649 3856 739 3910; x_wconf 87' lang='lat' dir='ltr'><strong>hostes</strong></span> <span class='ocrx_word' id='word_1_651' title='bbox 755 3862 852 3911; x_wconf 89' lang='lat' dir='ltr'><strong>etcor-</strong></span> <span class='ocrx_word' id='word_1_652' title='bbox 902 3862 1038 3911; x_wconf 83' lang='lat' dir='ltr'><strong>tantorum</strong></span> <span class='ocrx_word' id='word_1_653' title='bbox 1071 3860 1220 3924; x_wconf 85' lang='lat' dir='ltr'><strong>temporum</strong></span> <span class='ocrx_word' id='word_1_654' title='bbox 1255 3855 1437 3923; x_wconf 84' lang='lat' dir='ltr'><strong>captivitatem</strong></span> <span class='ocrx_word' id='word_1_655' title='bbox 1469 3864 1624 3911; x_wconf 84' lang='lat' dir='ltr'><strong>meruerunt</strong></span> <span class='ocrx_word' id='word_1_656' title='bbox 1659 3858 1709 3912; x_wconf 90' lang='lat' dir='ltr'><strong>dee</strong></span> 
     </span>
     <span class='ocr_line' id='line_1_55' title="bbox 60 3922 1710 4004; baseline 0.004 -31"><span class='ocrx_word' id='word_1_657' title='bbox 60 3923 73 3973; x_wconf 86' lang='grc'>1</span> <span class='ocrx_word' id='word_1_658' title='bbox 106 3938 202 3992; x_wconf 84' lang='lat' dir='ltr'><strong>pamm.</strong></span> <span class='ocrx_word' id='word_1_659' title='bbox 248 3924 319 3977; x_wconf 84' lang='lat' dir='ltr'><strong>Nam</strong></span> <span class='ocrx_word' id='word_1_660' title='bbox 342 3924 443 3977; x_wconf 88' lang='lat' dir='ltr'><strong>animas</strong></span> <span class='ocrx_word' id='word_1_661' title='bbox 463 3923 568 3991; x_wconf 88' lang='lat' dir='ltr'><strong>quidem</strong></span> <span class='ocrx_word' id='word_1_662' title='bbox 591 3923 696 3977; x_wconf 85' lang='lat' dir='ltr'><strong>diversa</strong></span> <span class='ocrx_word' id='word_1_663' title='bbox 721 3928 854 3977; x_wconf 86' lang='lat' dir='ltr'><strong>tormenta</strong></span> <span class='ocrx_word' id='word_1_664' title='bbox 905 3930 936 3977; x_wconf 82' lang='grc'><strong>16</strong></span> <span class='ocrx_word' id='word_1_665' title='bbox 970 3924 1078 3978; x_wconf 84' lang='lat' dir='ltr'><strong>iuvante</strong></span> <span class='ocrx_word' id='word_1_666' title='bbox 1092 3938 1141 3992; x_wconf 90' lang='lat' dir='ltr'><strong>per</strong></span> <span class='ocrx_word' id='word_1_667' title='bbox 1155 3938 1203 3976; x_wconf 92' lang='lat' dir='ltr'><strong>nes</strong></span> <span class='ocrx_word' id='word_1_668' title='bbox 1217 3923 1306 3977; x_wconf 90' lang='lat' dir='ltr'><strong>lumen</strong></span> <span class='ocrx_word' id='word_1_669' title='bbox 1319 3922 1449 3978; x_wconf 83' lang='lat' dir='ltr'><strong>libertatis</strong></span> <span class='ocrx_word' id='word_1_670' title='bbox 1464 3923 1609 4004; x_wconf 83' lang='lat' dir='ltr'><strong>adspicere.</strong></span> <span class='ocrx_word' id='word_1_671' title='bbox 1637 3925 1710 3994; x_wconf 81' lang='lat' dir='ltr'><strong>Ergo</strong></span> 
     </span>
     <span class='ocr_line' id='line_1_56' title="bbox 60 3989 1710 4061; baseline 0.003 -19"><span class='ocrx_word' id='word_1_672' title='bbox 60 3992 127 4056; x_wconf 77' lang='lat' dir='ltr'><strong>elque</strong></span> <span class='ocrx_word' id='word_1_673' title='bbox 144 3992 276 4061; x_wconf 89' lang='lat' dir='ltr'><strong>supplicia</strong></span> <span class='ocrx_word' id='word_1_674' title='bbox 295 4005 352 4044; x_wconf 90' lang='lat' dir='ltr'><strong>nen</strong></span> <span class='ocrx_word' id='word_1_675' title='bbox 374 3990 490 4044; x_wconf 79' lang='lat' dir='ltr'><strong>ferentes</strong></span> <span class='ocrx_word' id='word_1_676' title='bbox 512 3989 702 4059; x_wconf 83' lang='lat' dir='ltr'><strong>rebaptizando</strong></span> <span class='ocrx_word' id='word_1_677' title='bbox 726 3991 760 4043; x_wconf 90' lang='lat' dir='ltr'><strong>ud</strong></span> <span class='ocrx_word' id='word_1_678' title='bbox 777 4006 853 4045; x_wconf 89' lang='lat' dir='ltr'><strong>suam</strong></span> <span class='ocrx_word' id='word_1_679' title='bbox 901 3991 1023 4046; x_wconf 87' lang='lat' dir='ltr'><strong>iubemus</strong></span> <span class='ocrx_word' id='word_1_680' title='bbox 1037 4006 1128 4045; x_wconf 82' lang='lat' dir='ltr'><strong>omnes</strong></span> <span class='ocrx_word' id='word_1_681' title='bbox 1142 3990 1280 4044; x_wconf 73' lang='lat' dir='ltr'><strong>violentias</strong></span> <span class='ocrx_word' id='word_1_682' title='bbox 1296 3997 1323 4044; x_wconf 89' lang='lat' dir='ltr'><strong>et</strong></span> <span class='ocrx_word' id='word_1_683' title='bbox 1337 4006 1440 4045; x_wconf 87' lang='lat' dir='ltr'><strong>emnem</strong></span> <span class='ocrx_word' id='word_1_684' title='bbox 1453 3992 1592 4046; x_wconf 70' lang='lat' dir='ltr'><strong>arandam</strong></span> <span class='ocrx_word' id='word_1_685' title='bbox 1605 4007 1710 4047; x_wconf 89' lang='lat' dir='ltr'><strong>cessare</strong></span> 
     </span>
     <span class='ocr_line' id='line_1_57' title="bbox 60 4056 1710 4176; baseline 0.002 -64"><span class='ocrx_word' id='word_1_686' title='bbox 60 4056 180 4176; x_wconf 54' lang='lat' dir='ltr'><strong>ffirbdiam</strong></span> <span class='ocrx_word' id='word_1_687' title='bbox 201 4057 416 4113; x_wconf 62' lang='lat' dir='ltr'><strong>enumerabant:</strong></span> <span class='ocrx_word' id='word_1_688' title='bbox 439 4073 552 4126; x_wconf 89' lang='lat' dir='ltr'><strong>corpora</strong></span> <span class='ocrx_word' id='word_1_689' title='bbox 575 4073 637 4112; x_wconf 80' lang='lat' dir='ltr'><strong>sero</strong></span> <span class='ocrx_word' id='word_1_690' title='bbox 663 4056 754 4112; x_wconf 90' lang='lat' dir='ltr'><strong>liberis</strong></span> <span class='ocrx_word' id='word_1_691' title='bbox 776 4065 853 4112; x_wconf 88' lang='lat' dir='ltr'><strong>nata·</strong></span> <span class='ocrx_word' id='word_1_692' title='bbox 902 4067 930 4113; x_wconf 86' lang='lat' dir='ltr'><strong>et</strong></span> <span class='ocrx_word' id='word_1_693' title='bbox 959 4058 1089 4113; x_wconf 84' lang='lat' dir='ltr'><strong>iustitium</strong></span> <span class='ocrx_word' id='word_1_694' title='bbox 1114 4064 1195 4125; x_wconf 90' lang='lat' dir='ltr'><strong>atque</strong></span> <span class='ocrx_word' id='word_1_695' title='bbox 1220 4058 1357 4113; x_wconf 83' lang='lat' dir='ltr'><strong>veritatem</strong></span> <span class='ocrx_word' id='word_1_696' title='bbox 1389 4058 1462 4113; x_wconf 88' lang='lat' dir='ltr'><strong>cirea</strong></span> <span class='ocrx_word' id='word_1_697' title='bbox 1486 4075 1577 4114; x_wconf 88' lang='lat' dir='ltr'><strong>omnes</strong></span> <span class='ocrx_word' id='word_1_698' title='bbox 1602 4067 1710 4115; x_wconf 76' lang='lat' dir='ltr'><strong>mosmos</strong></span> 
     </span>
     <span class='ocr_line' id='line_1_58' title="bbox 90 4125 1711 4195; baseline 0.001 -16"><span class='ocrx_word' id='word_1_699' title='bbox 90 4140 118 4179; x_wconf 90' lang='lat' dir='ltr'><strong>os</strong></span> <span class='ocrx_word' id='word_1_700' title='bbox 140 4127 212 4181; x_wconf 84' lang='lat' dir='ltr'><strong>clara</strong></span> <span class='ocrx_word' id='word_1_701' title='bbox 236 4127 300 4193; x_wconf 89' lang='lat' dir='ltr'><strong>iugo</strong></span> <span class='ocrx_word' id='word_1_702' title='bbox 325 4126 468 4179; x_wconf 82' lang='lat' dir='ltr'><strong>barbarice</strong></span> <span class='ocrx_word' id='word_1_703' title='bbox 495 4125 634 4179; x_wconf 87' lang='lat' dir='ltr'><strong>durissime</strong></span> <span class='ocrx_word' id='word_1_704' title='bbox 666 4125 852 4194; x_wconf 81' lang='lat' dir='ltr'><strong>subiugabant</strong></span> <span class='ocrx_word' id='word_1_705' title='bbox 901 4126 1058 4181; x_wconf 87' lang='lat' dir='ltr'><strong>tributarios</strong></span> <span class='ocrx_word' id='word_1_706' title='bbox 1080 4125 1217 4180; x_wconf 83' lang='lat' dir='ltr'><strong>reservari.</strong></span> <span class='ocrx_word' id='word_1_707' title='bbox 1255 4126 1295 4179; x_wconf 90' lang='lat' dir='ltr'><strong>sic</strong></span> <span class='ocrx_word' id='word_1_708' title='bbox 1317 4126 1387 4180; x_wconf 88' lang='lat' dir='ltr'><strong>euim</strong></span> <span class='ocrx_word' id='word_1_709' title='bbox 1409 4132 1437 4181; x_wconf 89' lang='grc' dir='ltr'><strong>ει</strong></span> <span class='ocrx_word' id='word_1_710' title='bbox 1461 4127 1527 4181; x_wconf 88' lang='lat' dir='ltr'><strong>does</strong></span> <span class='ocrx_word' id='word_1_711' title='bbox 1544 4128 1666 4195; x_wconf 83' lang='lat' dir='ltr'><strong>placatur</strong></span> <span class='ocrx_word' id='word_1_712' title='bbox 1684 4135 1711 4182; x_wconf 89' lang='lat' dir='ltr'><strong>et</strong></span> 
     </span>
     <span class='ocr_line' id='line_1_59' title="bbox 764 4193 1710 4263; baseline 0.002 -15"><span class='ocrx_word' id='word_1_713' title='bbox 764 4209 777 4248; x_wconf 87' lang='lat' dir='ltr'><strong>s</strong></span> <span class='ocrx_word' id='word_1_714' title='bbox 811 4208 852 4247; x_wconf 90' lang='lat' dir='ltr'><strong>er-</strong></span> <span class='ocrx_word' id='word_1_715' title='bbox 902 4195 953 4263; x_wconf 93' lang='lat' dir='ltr'><strong>ipsi</strong></span> <span class='ocrx_word' id='word_1_716' title='bbox 979 4201 1093 4262; x_wconf 91' lang='lat' dir='ltr'><strong>possunt</strong></span> <span class='ocrx_word' id='word_1_717' title='bbox 1119 4193 1244 4259; x_wconf 84' lang='lat' dir='ltr'><strong>celerius,</strong></span> <span class='ocrx_word' id='word_1_718' title='bbox 1271 4193 1343 4247; x_wconf 87' lang='lat' dir='ltr'><strong>sieut</strong></span> <span class='ocrx_word' id='word_1_719' title='bbox 1367 4194 1510 4248; x_wconf 82' lang='lat' dir='ltr'><strong>collatores</strong></span> <span class='ocrx_word' id='word_1_720' title='bbox 1536 4195 1582 4249; x_wconf 88' lang='lat' dir='ltr'><strong>alii</strong></span> <span class='ocrx_word' id='word_1_721' title='bbox 1602 4202 1710 4250; x_wconf 85' lang='lat' dir='ltr'><strong>nestrae</strong></span> 
     </span>
     <span class='ocr_line' id='line_1_60' title="bbox 61 4211 1710 4332; baseline 0.001 -19"><span class='ocrx_word' id='word_1_722' title='bbox 61 4255 119 4313; x_wconf 83' lang='lat' dir='ltr'><strong>bdiis</strong></span> <span class='ocrx_word' id='word_1_723' title='bbox 133 4261 318 4315; x_wconf 83' lang='lat' dir='ltr'><strong>maculabant:</strong></span> <span class='ocrx_word' id='word_1_724' title='bbox 343 4260 444 4328; x_wconf 85' lang='lat' dir='ltr'><strong>aliquas</strong></span> <span class='ocrx_word' id='word_1_725' title='bbox 462 4275 524 4315; x_wconf 85' lang='lat' dir='ltr'><strong>vero</strong></span> <span class='ocrx_word' id='word_1_726' title='bbox 550 4275 583 4314; x_wconf 82' lang='lat' dir='ltr'><strong>ex</strong></span> <span class='ocrx_word' id='word_1_727' title='bbox 601 4261 639 4314; x_wconf 87' lang='lat' dir='ltr'><strong>eis</strong></span> <span class='ocrx_word' id='word_1_728' title='bbox 658 4262 765 4317; x_wconf 87' lang='lat' dir='ltr'><strong>stabula</strong></span> <span class='ocrx_word' id='word_1_729' title='bbox 782 4211 852 4315; x_wconf 47' lang='lat' dir='ltr'><strong>feee-</strong></span> <span class='ocrx_word' id='word_1_730' title='bbox 905 4267 935 4315; x_wconf 80' lang='grc'><strong>11</strong></span> <span class='ocrx_word' id='word_1_731' title='bbox 954 4266 991 4329; x_wconf 83' lang='grc'><strong>(6)</strong></span> <span class='ocrx_word' id='word_1_732' title='bbox 1026 4260 1212 4329; x_wconf 84' lang='lat' dir='ltr'><strong>reipublicae,</strong></span> <span class='ocrx_word' id='word_1_733' title='bbox 1231 4260 1440 4330; x_wconf 84' lang='lat' dir='ltr'><strong>releveriatque</strong></span> <span class='ocrx_word' id='word_1_734' title='bbox 1460 4262 1563 4316; x_wconf 88' lang='lat' dir='ltr'><strong>florere.</strong></span> <span class='ocrx_word' id='word_1_735' title='bbox 1598 4263 1710 4332; x_wconf 86' lang='lat' dir='ltr'><strong>Sporte-</strong></span> 
     </span>
    </p>
   </div>
   <div class='ocr_carea' id='block_1_26' title="bbox 4 4327 1711 4411">
    <p class='ocr_par' dir='ltr' id='par_1_29' title="bbox 4 4327 1711 4411">
     <span class='ocr_line' id='line_1_61' title="bbox 4 4327 1711 4411; baseline 0.005 -35"><span class='ocrx_word' id='word_1_736' title='bbox 4 4350 9 4401; x_wconf 42' lang='grc' dir='ltr'>Γ</span> <span class='ocrx_word' id='word_1_737' title='bbox 62 4330 159 4381; x_wconf 80' lang='lat' dir='ltr'><strong>trent</strong></span> <span class='ocrx_word' id='word_1_738' title='bbox 183 4328 303 4382; x_wconf 81' lang='lat' dir='ltr'><strong>Vidimus</strong></span> <span class='ocrx_word' id='word_1_739' title='bbox 313 4328 475 4382; x_wconf 85' lang='lat' dir='ltr'><strong>venerabiles</strong></span> <span class='ocrx_word' id='word_1_740' title='bbox 485 4327 566 4393; x_wconf 79' lang='lat' dir='ltr'><strong>siros,</strong></span> <span class='ocrx_word' id='word_1_741' title='bbox 585 4328 631 4396; x_wconf 90' lang='lat' dir='ltr'><strong>qui</strong></span> <span class='ocrx_word' id='word_1_742' title='bbox 644 4328 769 4383; x_wconf 88' lang='lat' dir='ltr'><strong>abscissis</strong></span> <span class='ocrx_word' id='word_1_743' title='bbox 783 4329 854 4382; x_wconf 86' lang='lat' dir='ltr'><strong>radi-</strong></span> <span class='ocrx_word' id='word_1_744' title='bbox 902 4329 944 4383; x_wconf 88' lang='lat' dir='ltr'><strong>las</strong></span> <span class='ocrx_word' id='word_1_745' title='bbox 974 4329 1054 4383; x_wconf 85' lang='lat' dir='ltr'><strong>etiem</strong></span> <span class='ocrx_word' id='word_1_746' title='bbox 1084 4330 1119 4382; x_wconf 89' lang='lat' dir='ltr'><strong>ab</strong></span> <span class='ocrx_word' id='word_1_747' title='bbox 1145 4328 1235 4382; x_wconf 84' lang='lat' dir='ltr'><strong>officio</strong></span> <span class='ocrx_word' id='word_1_748' title='bbox 1266 4335 1322 4381; x_wconf 89' lang='lat' dir='ltr'><strong>tam</strong></span> <span class='ocrx_word' id='word_1_749' title='bbox 1348 4329 1396 4382; x_wconf 85' lang='lat' dir='ltr'><strong>viri</strong></span> <span class='ocrx_word' id='word_1_750' title='bbox 1421 4329 1556 4396; x_wconf 82' lang='lat' dir='ltr'><strong>magnifici</strong></span> <span class='ocrx_word' id='word_1_751' title='bbox 1576 4330 1711 4411; x_wconf 86' lang='lat' dir='ltr'><strong>praefecti</strong></span> 
     </span>
    </p>
   </div>
   <div class='ocr_carea' id='block_1_27' title="bbox 62 4392 1712 4938">
    <p class='ocr_par' dir='ltr' id='par_1_30' title="bbox 62 4392 1712 4938">
     <span class='ocr_line' id='line_1_62' title="bbox 62 4392 1710 4466; baseline 0.003 -19"><span class='ocrx_word' id='word_1_752' title='bbox 62 4392 118 4447; x_wconf 80' lang='lat' dir='ltr'><strong>citus</strong></span> <span class='ocrx_word' id='word_1_753' title='bbox 141 4395 235 4464; x_wconf 79' lang='lat' dir='ltr'><strong>linguis</strong></span> <span class='ocrx_word' id='word_1_754' title='bbox 281 4409 363 4450; x_wconf 87' lang='lat' dir='ltr'><strong>eonas</strong></span> <span class='ocrx_word' id='word_1_755' title='bbox 390 4411 453 4450; x_wconf 86' lang='lat' dir='ltr'><strong>suas</strong></span> <span class='ocrx_word' id='word_1_756' title='bbox 479 4394 635 4449; x_wconf 90' lang='lat' dir='ltr'><strong>mirabiliter</strong></span> <span class='ocrx_word' id='word_1_757' title='bbox 661 4395 852 4463; x_wconf 85' lang='lat' dir='ltr'><strong>loquebantur:</strong></span> <span class='ocrx_word' id='word_1_758' title='bbox 902 4396 1023 4450; x_wconf 83' lang='lat' dir='ltr'><strong>Africani</strong></span> <span class='ocrx_word' id='word_1_759' title='bbox 1049 4412 1129 4465; x_wconf 89' lang='lat' dir='ltr'><strong>quam</strong></span> <span class='ocrx_word' id='word_1_760' title='bbox 1154 4396 1314 4464; x_wconf 90' lang='lat' dir='ltr'><strong>reliquorum</strong></span> <span class='ocrx_word' id='word_1_761' title='bbox 1339 4396 1457 4450; x_wconf 89' lang='lat' dir='ltr'><strong>iudicum</strong></span> <span class='ocrx_word' id='word_1_762' title='bbox 1480 4397 1519 4451; x_wconf 89' lang='lat' dir='ltr'><strong>sio</strong></span> <span class='ocrx_word' id='word_1_763' title='bbox 1540 4399 1609 4466; x_wconf 83' lang='lat' dir='ltr'><strong>exigi</strong></span> <span class='ocrx_word' id='word_1_764' title='bbox 1635 4399 1710 4453; x_wconf 90' lang='lat' dir='ltr'><strong>iube·</strong></span> 
     </span>
     <span class='ocr_line' id='line_1_63' title="bbox 63 4412 1712 4533; baseline 0.005 -21"><span class='ocrx_word' id='word_1_765' title='bbox 63 4458 98 4513; x_wconf 78' lang='lat' dir='ltr'><strong>alii</strong></span> <span class='ocrx_word' id='word_1_766' title='bbox 111 4476 169 4516; x_wconf 84' lang='lat' dir='ltr'><strong>rere</strong></span> <span class='ocrx_word' id='word_1_767' title='bbox 185 4469 248 4532; x_wconf 88' lang='lat' dir='ltr'><strong>post</strong></span> <span class='ocrx_word' id='word_1_768' title='bbox 262 4412 370 4517; x_wconf 46' lang='lat' dir='ltr'><strong>&amp;versa</strong></span> <span class='ocrx_word' id='word_1_769' title='bbox 391 4467 523 4518; x_wconf 87' lang='lat' dir='ltr'><strong>tormenta</strong></span> <span class='ocrx_word' id='word_1_770' title='bbox 539 4478 588 4531; x_wconf 90' lang='lat' dir='ltr'><strong>per</strong></span> <span class='ocrx_word' id='word_1_771' title='bbox 605 4463 723 4518; x_wconf 83' lang='lat' dir='ltr'><strong>diversas</strong></span> <span class='ocrx_word' id='word_1_772' title='bbox 741 4464 854 4533; x_wconf 87' lang='lat' dir='ltr'><strong>dispcrsi</strong></span> <span class='ocrx_word' id='word_1_773' title='bbox 902 4481 975 4527; x_wconf 89' lang='lat' dir='ltr'><strong>mus,</strong></span> <span class='ocrx_word' id='word_1_774' title='bbox 999 4465 1131 4532; x_wconf 90' lang='lat' dir='ltr'><strong>quomedo</strong></span> <span class='ocrx_word' id='word_1_775' title='bbox 1153 4464 1182 4517; x_wconf 92' lang='lat' dir='ltr'><strong>in</strong></span> <span class='ocrx_word' id='word_1_776' title='bbox 1204 4464 1303 4517; x_wconf 86' lang='lat' dir='ltr'><strong>nostris</strong></span> <span class='ocrx_word' id='word_1_777' title='bbox 1326 4463 1429 4532; x_wconf 89' lang='lat' dir='ltr'><strong>legibus</strong></span> <span class='ocrx_word' id='word_1_778' title='bbox 1451 4470 1494 4518; x_wconf 90' lang='grc' dir='ltr'><strong>εει</strong></span> <span class='ocrx_word' id='word_1_779' title='bbox 1510 4463 1667 4533; x_wconf 88' lang='lat' dir='ltr'><strong>dispositum</strong></span> <span class='ocrx_word' id='word_1_780' title='bbox 1684 4472 1712 4520; x_wconf 87' lang='lat' dir='ltr'><strong>ct</strong></span> 
     </span>
     <span class='ocr_line' id='line_1_64' title="bbox 63 4529 1711 4600; baseline 0.002 -16"><span class='ocrx_word' id='word_1_781' title='bbox 63 4530 75 4575; x_wconf 73' lang='lat'><strong>⁵</strong></span> <span class='ocrx_word' id='word_1_782' title='bbox 102 4531 246 4596; x_wconf 77' lang='lat' dir='ltr'><strong>provincias</strong></span> <span class='ocrx_word' id='word_1_783' title='bbox 263 4531 343 4583; x_wconf 83' lang='lat' dir='ltr'><strong>sitam</strong></span> <span class='ocrx_word' id='word_1_784' title='bbox 365 4529 394 4583; x_wconf 91' lang='lat' dir='ltr'><strong>iu</strong></span> <span class='ocrx_word' id='word_1_785' title='bbox 410 4530 489 4585; x_wconf 81' lang='lat' dir='ltr'><strong>exilio</strong></span> <span class='ocrx_word' id='word_1_786' title='bbox 510 4544 559 4599; x_wconf 87' lang='lat' dir='ltr'><strong>per</strong></span> <span class='ocrx_word' id='word_1_787' title='bbox 592 4536 679 4584; x_wconf 89' lang='lat' dir='ltr'><strong>erent.</strong></span> <span class='ocrx_word' id='word_1_788' title='bbox 714 4531 773 4599; x_wconf 74' lang='lat' dir='ltr'><strong>Quo</strong></span> <span class='ocrx_word' id='word_1_789' title='bbox 790 4546 853 4600; x_wconf 87' lang='lat' dir='ltr'><strong>erge</strong></span> <span class='ocrx_word' id='word_1_790' title='bbox 903 4533 937 4586; x_wconf 90' lang='lat' dir='ltr'><strong>ab</strong></span> <span class='ocrx_word' id='word_1_791' title='bbox 956 4531 1028 4585; x_wconf 91' lang='lat' dir='ltr'><strong>omni</strong></span> <span class='ocrx_word' id='word_1_792' title='bbox 1045 4531 1200 4599; x_wconf 87' lang='lat' dir='ltr'><strong>republica</strong></span> <span class='ocrx_word' id='word_1_793' title='bbox 1216 4537 1310 4585; x_wconf 82' lang='grc' dir='ltr'>ιοειιε</span> <span class='ocrx_word' id='word_1_794' title='bbox 1328 4532 1484 4597; x_wconf 89' lang='lat' dir='ltr'><strong>custoditur,</strong></span> <span class='ocrx_word' id='word_1_795' title='bbox 1508 4538 1540 4585; x_wconf 91' lang='lat' dir='ltr'><strong>nt</strong></span> <span class='ocrx_word' id='word_1_796' title='bbox 1557 4533 1645 4587; x_wconf 83' lang='lat' dir='ltr'><strong>nullm</strong></span> <span class='ocrx_word' id='word_1_797' title='bbox 1662 4548 1711 4587; x_wconf 88' lang='lat' dir='ltr'><strong>an·</strong></span> 
     </span>
     <span class='ocr_line' id='line_1_65' title="bbox 62 4597 1711 4669; baseline 0.003 -19"><span class='ocrx_word' id='word_1_798' title='bbox 62 4606 168 4650; x_wconf 71' lang='lat' dir='ltr'><strong>mone</strong></span> <span class='ocrx_word' id='word_1_799' title='bbox 198 4603 245 4651; x_wconf 90' lang='lat' dir='ltr'><strong>aut</strong></span> <span class='ocrx_word' id='word_1_800' title='bbox 276 4598 372 4667; x_wconf 88' lang='lat' dir='ltr'><strong>quibes</strong></span> <span class='ocrx_word' id='word_1_801' title='bbox 403 4597 530 4667; x_wconf 89' lang='lat' dir='ltr'><strong>operibus</strong></span> <span class='ocrx_word' id='word_1_802' title='bbox 561 4598 652 4665; x_wconf 84' lang='lat' dir='ltr'><strong>dguas</strong></span> <span class='ocrx_word' id='word_1_803' title='bbox 678 4597 728 4652; x_wconf 89' lang='lat' dir='ltr'><strong>dee</strong></span> <span class='ocrx_word' id='word_1_804' title='bbox 753 4599 853 4667; x_wconf 85' lang='lat' dir='ltr'><strong>gratias</strong></span> <span class='ocrx_word' id='word_1_805' title='bbox 903 4599 965 4653; x_wconf 89' lang='lat' dir='ltr'><strong>deat</strong></span> <span class='ocrx_word' id='word_1_806' title='bbox 987 4613 1155 4668; x_wconf 89' lang='lat' dir='ltr'><strong>quecumque</strong></span> <span class='ocrx_word' id='word_1_807' title='bbox 1177 4604 1297 4667; x_wconf 88' lang='lat' dir='ltr'><strong>tempere</strong></span> <span class='ocrx_word' id='word_1_808' title='bbox 1318 4599 1360 4652; x_wconf 83' lang='lat' dir='ltr'><strong>vel</strong></span> <span class='ocrx_word' id='word_1_809' title='bbox 1383 4614 1551 4669; x_wconf 85' lang='lat' dir='ltr'><strong>quecumque</strong></span> <span class='ocrx_word' id='word_1_810' title='bbox 1567 4599 1648 4654; x_wconf 91' lang='lat' dir='ltr'><strong>modo</strong></span> <span class='ocrx_word' id='word_1_811' title='bbox 1665 4616 1711 4655; x_wconf 89' lang='lat' dir='ltr'><strong>ea·</strong></span> 
     </span>
     <span class='ocr_line' id='line_1_66' title="bbox 63 4664 1711 4745; baseline 0.002 -26"><span class='ocrx_word' id='word_1_812' title='bbox 63 4674 129 4728; x_wconf 68' lang='lat' dir='ltr'><strong>tetre</strong></span> <span class='ocrx_word' id='word_1_813' title='bbox 143 4664 282 4726; x_wconf 67' lang='lat' dir='ltr'><strong>sumamus,</strong></span> <span class='ocrx_word' id='word_1_814' title='bbox 301 4665 372 4745; x_wconf 87' lang='lat' dir='ltr'><strong>qued</strong></span> <span class='ocrx_word' id='word_1_815' title='bbox 386 4680 435 4733; x_wconf 90' lang='grc' dir='ltr'><strong>ρει</strong></span> <span class='ocrx_word' id='word_1_816' title='bbox 447 4680 497 4731; x_wconf 84' lang='lat' dir='ltr'><strong>me,</strong></span> <span class='ocrx_word' id='word_1_817' title='bbox 515 4665 637 4719; x_wconf 87' lang='lat' dir='ltr'><strong>ultimum</strong></span> <span class='ocrx_word' id='word_1_818' title='bbox 650 4681 754 4719; x_wconf 74' lang='lat' dir='ltr'><strong>servium</strong></span> <span class='ocrx_word' id='word_1_819' title='bbox 767 4682 852 4733; x_wconf 88' lang='lat' dir='ltr'><strong>suum,</strong></span> <span class='ocrx_word' id='word_1_820' title='bbox 905 4671 935 4719; x_wconf 78' lang='lat'><strong>18</strong></span> <span class='ocrx_word' id='word_1_821' title='bbox 953 4668 990 4731; x_wconf 79' lang='lat' dir='ltr'><strong>(l)</strong></span> <span class='ocrx_word' id='word_1_822' title='bbox 1024 4681 1083 4719; x_wconf 89' lang='lat' dir='ltr'><strong>rum</strong></span> <span class='ocrx_word' id='word_1_823' title='bbox 1101 4665 1228 4719; x_wconf 81' lang='lat' dir='ltr'><strong>excedere</strong></span> <span class='ocrx_word' id='word_1_824' title='bbox 1245 4666 1429 4733; x_wconf 86' lang='lat' dir='ltr'><strong>quantitatem.</strong></span> <span class='ocrx_word' id='word_1_825' title='bbox 1462 4667 1520 4722; x_wconf 87' lang='lat' dir='ltr'><strong>Hoc</strong></span> <span class='ocrx_word' id='word_1_826' title='bbox 1538 4667 1618 4722; x_wconf 88' lang='lat' dir='ltr'><strong>etiam</strong></span> <span class='ocrx_word' id='word_1_827' title='bbox 1633 4684 1711 4737; x_wconf 90' lang='lat' dir='ltr'><strong>prae·</strong></span> 
     </span>
     <span class='ocr_line' id='line_1_67' title="bbox 63 4729 1711 4800; baseline 0.004 -18"><span class='ocrx_word' id='word_1_828' title='bbox 63 4729 176 4786; x_wconf 70' lang='lat' dir='ltr'><strong>neam</strong></span> <span class='ocrx_word' id='word_1_829' title='bbox 193 4748 258 4787; x_wconf 88' lang='lat' dir='ltr'><strong>suae</strong></span> <span class='ocrx_word' id='word_1_830' title='bbox 273 4731 383 4786; x_wconf 73' lang='lat' dir='ltr'><strong>insudas</strong></span> <span class='ocrx_word' id='word_1_831' title='bbox 400 4732 535 4787; x_wconf 82' lang='lat' dir='ltr'><strong>vindicare</strong></span> <span class='ocrx_word' id='word_1_832' title='bbox 552 4733 675 4800; x_wconf 79' lang='lat' dir='ltr'><strong>dignatm</strong></span> <span class='ocrx_word' id='word_1_833' title='bbox 693 4739 735 4787; x_wconf 89' lang='grc' dir='ltr'><strong>εει</strong></span> <span class='ocrx_word' id='word_1_834' title='bbox 752 4741 779 4787; x_wconf 86' lang='grc' dir='ltr'><strong>ει</strong></span> <span class='ocrx_word' id='word_1_835' title='bbox 793 4739 852 4788; x_wconf 91' lang='lat' dir='ltr'><strong>tan·</strong></span> <span class='ocrx_word' id='word_1_836' title='bbox 902 4733 971 4788; x_wconf 90' lang='lat' dir='ltr'><strong>senti</strong></span> <span class='ocrx_word' id='word_1_837' title='bbox 994 4733 1132 4787; x_wconf 86' lang='lat' dir='ltr'><strong>sanctione</strong></span> <span class='ocrx_word' id='word_1_838' title='bbox 1150 4733 1281 4786; x_wconf 89' lang='lat' dir='ltr'><strong>credimus</strong></span> <span class='ocrx_word' id='word_1_839' title='bbox 1299 4733 1484 4799; x_wconf 90' lang='lat' dir='ltr'><strong>ordinandum,</strong></span> <span class='ocrx_word' id='word_1_840' title='bbox 1509 4740 1540 4788; x_wconf 89' lang='lat' dir='ltr'><strong>ut</strong></span> <span class='ocrx_word' id='word_1_841' title='bbox 1556 4751 1610 4789; x_wconf 90' lang='lat' dir='ltr'><strong>nen</strong></span> <span class='ocrx_word' id='word_1_842' title='bbox 1626 4736 1711 4789; x_wconf 86' lang='lat' dir='ltr'><strong>multa</strong></span> 
     </span>
     <span class='ocr_line' id='line_1_68' title="bbox 63 4799 1711 4880; baseline 0.003 -29"><span class='ocrx_word' id='word_1_843' title='bbox 63 4799 138 4851; x_wconf 71' lang='lat' dir='ltr'><strong>larum</strong></span> <span class='ocrx_word' id='word_1_844' title='bbox 156 4799 349 4868; x_wconf 83' lang='lat' dir='ltr'><strong>provinciarum</strong></span> <span class='ocrx_word' id='word_1_845' title='bbox 377 4801 492 4880; x_wconf 85' lang='lat' dir='ltr'><strong>populos</strong></span> <span class='ocrx_word' id='word_1_846' title='bbox 513 4816 530 4853; x_wconf 91' lang='lat' dir='ltr'><strong>a</strong></span> <span class='ocrx_word' id='word_1_847' title='bbox 554 4800 616 4869; x_wconf 91' lang='lat' dir='ltr'><strong>iuge</strong></span> <span class='ocrx_word' id='word_1_848' title='bbox 643 4802 775 4857; x_wconf 73' lang='lat' dir='ltr'><strong>scrutatis</strong></span> <span class='ocrx_word' id='word_1_849' title='bbox 801 4803 853 4856; x_wconf 89' lang='lat' dir='ltr'><strong>sri-</strong></span> <span class='ocrx_word' id='word_1_850' title='bbox 904 4800 1042 4870; x_wconf 86' lang='lat' dir='ltr'><strong>dispendia</strong></span> <span class='ocrx_word' id='word_1_851' title='bbox 1062 4816 1112 4869; x_wconf 90' lang='lat' dir='ltr'><strong>pro</strong></span> <span class='ocrx_word' id='word_1_852' title='bbox 1136 4800 1311 4868; x_wconf 87' lang='lat' dir='ltr'><strong>completione</strong></span> <span class='ocrx_word' id='word_1_853' title='bbox 1334 4802 1486 4855; x_wconf 84' lang='lat' dir='ltr'><strong>chartamm</strong></span> <span class='ocrx_word' id='word_1_854' title='bbox 1511 4802 1553 4855; x_wconf 81' lang='lat' dir='ltr'><strong>rel</strong></span> <span class='ocrx_word' id='word_1_855' title='bbox 1577 4801 1711 4857; x_wconf 75' lang='lat' dir='ltr'><strong>codicillo</strong></span> 
     </span>
     <span class='ocr_line' id='line_1_69' title="bbox 65 4865 1710 4938; baseline 0.002 -18"><span class='ocrx_word' id='word_1_856' title='bbox 65 4865 79 4913; x_wconf 77' lang='lat' dir='ltr'><strong>d</strong></span> <span class='ocrx_word' id='word_1_857' title='bbox 104 4867 179 4933; x_wconf 82' lang='lat' dir='ltr'><strong>pere?</strong></span> <span class='ocrx_word' id='word_1_858' title='bbox 217 4867 294 4934; x_wconf 76' lang='lat' dir='ltr'><strong>Quod</strong></span> <span class='ocrx_word' id='word_1_859' title='bbox 316 4868 472 4921; x_wconf 87' lang='lat' dir='ltr'><strong>benefimum</strong></span> <span class='ocrx_word' id='word_1_860' title='bbox 494 4867 536 4922; x_wconf 86' lang='lat' dir='ltr'><strong>dei</strong></span> <span class='ocrx_word' id='word_1_861' title='bbox 559 4874 741 4922; x_wconf 82' lang='lat' dir='ltr'><strong>antecessores</strong></span> <span class='ocrx_word' id='word_1_862' title='bbox 768 4869 854 4923; x_wconf 88' lang='lat' dir='ltr'><strong>nestri</strong></span> <span class='ocrx_word' id='word_1_863' title='bbox 903 4885 962 4923; x_wconf 88' lang='lat' dir='ltr'><strong>rum</strong></span> <span class='ocrx_word' id='word_1_864' title='bbox 979 4869 1021 4923; x_wconf 87' lang='lat' dir='ltr'><strong>rel</strong></span> <span class='ocrx_word' id='word_1_865' title='bbox 1043 4868 1072 4922; x_wconf 92' lang='lat' dir='ltr'><strong>in</strong></span> <span class='ocrx_word' id='word_1_866' title='bbox 1094 4874 1187 4922; x_wconf 92' lang='lat' dir='ltr'><strong>nestro</strong></span> <span class='ocrx_word' id='word_1_867' title='bbox 1211 4868 1339 4922; x_wconf 87' lang='lat' dir='ltr'><strong>laterculo</strong></span> <span class='ocrx_word' id='word_1_868' title='bbox 1357 4869 1397 4922; x_wconf 87' lang='lat' dir='ltr'><strong>vel</strong></span> <span class='ocrx_word' id='word_1_869' title='bbox 1415 4869 1443 4922; x_wconf 93' lang='lat' dir='ltr'><strong>in</strong></span> <span class='ocrx_word' id='word_1_870' title='bbox 1460 4869 1563 4923; x_wconf 88' lang='lat' dir='ltr'><strong>scriniis</strong></span> <span class='ocrx_word' id='word_1_871' title='bbox 1581 4868 1710 4938; x_wconf 82' lang='lat' dir='ltr'><strong>praefecti</strong></span> 
     </span>
    </p>
   </div>
   <div class='ocr_carea' id='block_1_28' title="bbox 2 4935 1710 5006">
    <p class='ocr_par' dir='ltr' id='par_1_31' title="bbox 2 4935 1710 5006">
     <span class='ocr_line' id='line_1_70' title="bbox 2 4935 1710 5006; baseline 0.005 -23"><span class='ocrx_word' id='word_1_872' title='bbox 2 4970 8 4997; x_wconf 88' lang='grc'>,</span> <span class='ocrx_word' id='word_1_873' title='bbox 66 4942 110 4983; x_wconf 83' lang='lat' dir='ltr'><strong>mn</strong></span> <span class='ocrx_word' id='word_1_874' title='bbox 128 4942 287 5002; x_wconf 75' lang='lat' dir='ltr'><strong>mmnmnm,</strong></span> <span class='ocrx_word' id='word_1_875' title='bbox 310 4935 406 5003; x_wconf 89' lang='lat' dir='ltr'><strong>quibus</strong></span> <span class='ocrx_word' id='word_1_876' title='bbox 428 4950 483 4991; x_wconf 89' lang='lat' dir='ltr'><strong>non</strong></span> <span class='ocrx_word' id='word_1_877' title='bbox 500 4935 586 4990; x_wconf 92' lang='lat' dir='ltr'><strong>selum</strong></span> <span class='ocrx_word' id='word_1_878' title='bbox 604 4936 722 4989; x_wconf 82' lang='lat' dir='ltr'><strong>Africam</strong></span> <span class='ocrx_word' id='word_1_879' title='bbox 739 4936 854 4992; x_wconf 87' lang='lat' dir='ltr'><strong>liberare</strong></span> <span class='ocrx_word' id='word_1_880' title='bbox 902 4937 1098 5006; x_wconf 86' lang='lat' dir='ltr'><strong>praetoriorum</strong></span> <span class='ocrx_word' id='word_1_881' title='bbox 1121 4950 1169 5004; x_wconf 89' lang='lat' dir='ltr'><strong>per</strong></span> <span class='ocrx_word' id='word_1_882' title='bbox 1185 4935 1306 4989; x_wconf 85' lang='lat' dir='ltr'><strong>Africam</strong></span> <span class='ocrx_word' id='word_1_883' title='bbox 1327 4936 1429 4991; x_wconf 88' lang='lat' dir='ltr'><strong>iudices</strong></span> <span class='ocrx_word' id='word_1_884' title='bbox 1452 4935 1583 4991; x_wconf 80' lang='lat' dir='ltr'><strong>susdnere</strong></span> <span class='ocrx_word' id='word_1_885' title='bbox 1603 4936 1710 4991; x_wconf 73' lang='lat' dir='ltr'><strong>mdean·</strong></span> 
     </span>
    </p>
   </div>
   <div class='ocr_carea' id='block_1_29' title="bbox 65 4998 1711 5074">
    <p class='ocr_par' dir='ltr' id='par_1_32' title="bbox 65 4998 1711 5074">
     <span class='ocr_line' id='line_1_71' title="bbox 65 4998 1711 5074; baseline 0.004 -24"><span class='ocrx_word' id='word_1_886' title='bbox 65 5009 111 5050; x_wconf 87' lang='lat' dir='ltr'><strong>mn</strong></span> <span class='ocrx_word' id='word_1_887' title='bbox 124 4998 200 5066; x_wconf 70' lang='lat' dir='ltr'><strong>bonit</strong></span> <span class='ocrx_word' id='word_1_888' title='bbox 218 5003 264 5056; x_wconf 89' lang='lat' dir='ltr'><strong>sed</strong></span> <span class='ocrx_word' id='word_1_889' title='bbox 282 5007 310 5057; x_wconf 85' lang='lat' dir='ltr'><strong>et</strong></span> <span class='ocrx_word' id='word_1_890' title='bbox 326 5002 411 5070; x_wconf 87' lang='lat' dir='ltr'><strong>ipsam</strong></span> <span class='ocrx_word' id='word_1_891' title='bbox 429 5003 540 5056; x_wconf 90' lang='lat' dir='ltr'><strong>Romam</strong></span> <span class='ocrx_word' id='word_1_892' title='bbox 558 5002 681 5057; x_wconf 77' lang='lat' dir='ltr'><strong>viderunt</strong></span> <span class='ocrx_word' id='word_1_893' title='bbox 702 5004 736 5056; x_wconf 88' lang='lat' dir='ltr'><strong>ab</strong></span> <span class='ocrx_word' id='word_1_894' title='bbox 754 5004 852 5059; x_wconf 90' lang='lat' dir='ltr'><strong>eisdem</strong></span> <span class='ocrx_word' id='word_1_895' title='bbox 903 5010 956 5070; x_wconf 90' lang='lat' dir='ltr'><strong>tur,</strong></span> <span class='ocrx_word' id='word_1_896' title='bbox 974 5004 1045 5074; x_wconf 84' lang='lat' dir='ltr'><strong>quie,</strong></span> <span class='ocrx_word' id='word_1_897' title='bbox 1063 5004 1088 5058; x_wconf 92' lang='lat' dir='ltr'><strong>si</strong></span> <span class='ocrx_word' id='word_1_898' title='bbox 1104 5003 1156 5072; x_wconf 89' lang='lat' dir='ltr'><strong>ipsi</strong></span> <span class='ocrx_word' id='word_1_899' title='bbox 1173 5002 1318 5071; x_wconf 85' lang='lat' dir='ltr'><strong>dispendiis</strong></span> <span class='ocrx_word' id='word_1_900' title='bbox 1337 5004 1402 5057; x_wconf 83' lang='lat' dir='ltr'><strong>laesi</strong></span> <span class='ocrx_word' id='word_1_901' title='bbox 1415 5019 1469 5057; x_wconf 90' lang='lat' dir='ltr'><strong>non</strong></span> <span class='ocrx_word' id='word_1_902' title='bbox 1482 5003 1591 5069; x_wconf 87' lang='lat' dir='ltr'><strong>inerint,</strong></span> <span class='ocrx_word' id='word_1_903' title='bbox 1608 5003 1711 5057; x_wconf 89' lang='lat' dir='ltr'><strong>nullam</strong></span> 
     </span>
    </p>
   </div>
   <div class='ocr_carea' id='block_1_30' title="bbox 0 5060 1709 5138">
    <p class='ocr_par' dir='ltr' id='par_1_33' title="bbox 0 5060 1709 5138">
     <span class='ocr_line' id='line_1_72' title="bbox 0 5060 1709 5138; baseline 0.001 -15"><span class='ocrx_word' id='word_1_904' title='bbox 0 5127 1 5134; x_wconf 17' lang='lat'>1</span> <span class='ocrx_word' id='word_1_905' title='bbox 68 5060 192 5123; x_wconf 60' lang='lat' dir='ltr'><strong>Vandalis</strong></span> <span class='ocrx_word' id='word_1_906' title='bbox 215 5076 320 5138; x_wconf 84' lang='lat' dir='ltr'><strong>ceptam</strong></span> <span class='ocrx_word' id='word_1_907' title='bbox 337 5076 366 5124; x_wconf 92' lang='lat' dir='ltr'><strong>et</strong></span> <span class='ocrx_word' id='word_1_908' title='bbox 383 5070 472 5123; x_wconf 87' lang='lat' dir='ltr'><strong>omnia</strong></span> <span class='ocrx_word' id='word_1_909' title='bbox 488 5070 634 5138; x_wconf 86' lang='lat' dir='ltr'><strong>imperialia</strong></span> <span class='ocrx_word' id='word_1_910' title='bbox 651 5079 809 5127; x_wconf 85' lang='lat' dir='ltr'><strong>ornamenta</strong></span> <span class='ocrx_word' id='word_1_911' title='bbox 825 5073 853 5125; x_wconf 92' lang='lat' dir='ltr'><strong>in</strong></span> <span class='ocrx_word' id='word_1_912' title='bbox 902 5071 1021 5125; x_wconf 87' lang='lat' dir='ltr'><strong>habeant</strong></span> <span class='ocrx_word' id='word_1_913' title='bbox 1037 5071 1222 5126; x_wconf 84' lang='lat' dir='ltr'><strong>necessitatem</strong></span> <span class='ocrx_word' id='word_1_914' title='bbox 1239 5071 1357 5124; x_wconf 89' lang='lat' dir='ltr'><strong>eiusdem</strong></span> <span class='ocrx_word' id='word_1_915' title='bbox 1374 5076 1483 5124; x_wconf 85' lang='lat' dir='ltr'><strong>nestrae</strong></span> <span class='ocrx_word' id='word_1_916' title='bbox 1499 5070 1607 5125; x_wconf 82' lang='lat' dir='ltr'><strong>Africae</strong></span> <span class='ocrx_word' id='word_1_917' title='bbox 1624 5071 1709 5126; x_wconf 89' lang='lat' dir='ltr'><strong>tribu·</strong></span> 
     </span>
    </p>
   </div>
   <div class='ocr_carea' id='block_1_31' title="bbox 68 5133 1712 5411">
    <p class='ocr_par' dir='ltr' id='par_1_34' title="bbox 68 5133 1712 5411">
     <span class='ocr_line' id='line_1_73' title="bbox 68 5133 1711 5207; baseline 0.003 -19"><span class='ocrx_word' id='word_1_918' title='bbox 68 5133 80 5181; x_wconf 78' lang='lat' dir='ltr'><strong>l</strong></span> <span class='ocrx_word' id='word_1_919' title='bbox 108 5133 233 5190; x_wconf 64' lang='grc' dir='ltr'><strong>Διιίειιιιι1</strong></span> <span class='ocrx_word' id='word_1_920' title='bbox 254 5136 349 5192; x_wconf 75' lang='grc' dir='ltr'>ειίιιιιε</span> <span class='ocrx_word' id='word_1_921' title='bbox 372 5137 510 5192; x_wconf 86' lang='lat' dir='ltr'><strong>translata.</strong></span> <span class='ocrx_word' id='word_1_922' title='bbox 546 5137 625 5191; x_wconf 89' lang='lat' dir='ltr'><strong>Nune</strong></span> <span class='ocrx_word' id='word_1_923' title='bbox 642 5153 703 5192; x_wconf 82' lang='lat' dir='ltr'><strong>rere</strong></span> <span class='ocrx_word' id='word_1_924' title='bbox 721 5139 787 5193; x_wconf 88' lang='lat' dir='ltr'><strong>dees</strong></span> <span class='ocrx_word' id='word_1_925' title='bbox 805 5155 854 5207; x_wconf 90' lang='lat' dir='ltr'><strong>per</strong></span> <span class='ocrx_word' id='word_1_926' title='bbox 906 5144 936 5194; x_wconf 84' lang='grc'><strong>19</strong></span> <span class='ocrx_word' id='word_1_927' title='bbox 975 5139 1059 5194; x_wconf 88' lang='lat' dir='ltr'><strong>taries</strong></span> <span class='ocrx_word' id='word_1_928' title='bbox 1083 5137 1281 5206; x_wconf 81' lang='lat' dir='ltr'><strong>praegravandi.</strong></span> <span class='ocrx_word' id='word_1_929' title='bbox 1321 5138 1445 5193; x_wconf 89' lang='lat' dir='ltr'><strong>labemus</strong></span> <span class='ocrx_word' id='word_1_930' title='bbox 1464 5153 1535 5206; x_wconf 89' lang='lat' dir='ltr'><strong>ergo,</strong></span> <span class='ocrx_word' id='word_1_931' title='bbox 1559 5144 1589 5191; x_wconf 91' lang='lat' dir='ltr'><strong>ut</strong></span> <span class='ocrx_word' id='word_1_932' title='bbox 1610 5137 1711 5193; x_wconf 86' lang='lat' dir='ltr'><strong>iudices</strong></span> 
     </span>
     <span class='ocr_line' id='line_1_74' title="bbox 69 5204 1711 5275; baseline 0.001 -18"><span class='ocrx_word' id='word_1_933' title='bbox 69 5210 132 5274; x_wconf 66' lang='lat' dir='ltr'><strong>tm</strong></span> <span class='ocrx_word' id='word_1_934' title='bbox 151 5204 355 5260; x_wconf 86' lang='lat' dir='ltr'><strong>miscricordiam</strong></span> <span class='ocrx_word' id='word_1_935' title='bbox 381 5221 434 5259; x_wconf 91' lang='lat' dir='ltr'><strong>uon</strong></span> <span class='ocrx_word' id='word_1_936' title='bbox 458 5205 544 5259; x_wconf 90' lang='lat' dir='ltr'><strong>solum</strong></span> <span class='ocrx_word' id='word_1_937' title='bbox 567 5205 685 5259; x_wconf 83' lang='lat' dir='ltr'><strong>Africam</strong></span> <span class='ocrx_word' id='word_1_938' title='bbox 711 5212 739 5259; x_wconf 91' lang='lat' dir='ltr'><strong>et</strong></span> <span class='ocrx_word' id='word_1_939' title='bbox 762 5222 853 5263; x_wconf 88' lang='lat' dir='ltr'><strong>omnes</strong></span> <span class='ocrx_word' id='word_1_940' title='bbox 904 5206 1055 5261; x_wconf 87' lang='lat' dir='ltr'><strong>dioeceseos</strong></span> <span class='ocrx_word' id='word_1_941' title='bbox 1072 5205 1215 5258; x_wconf 82' lang='lat' dir='ltr'><strong>Africanae</strong></span> <span class='ocrx_word' id='word_1_942' title='bbox 1240 5210 1296 5258; x_wconf 90' lang='lat' dir='ltr'><strong>tam</strong></span> <span class='ocrx_word' id='word_1_943' title='bbox 1319 5205 1407 5260; x_wconf 85' lang='lat' dir='ltr'><strong>uiriles</strong></span> <span class='ocrx_word' id='word_1_944' title='bbox 1431 5220 1509 5275; x_wconf 91' lang='lat' dir='ltr'><strong>quam</strong></span> <span class='ocrx_word' id='word_1_945' title='bbox 1532 5205 1659 5260; x_wconf 85' lang='lat' dir='ltr'><strong>militares</strong></span> <span class='ocrx_word' id='word_1_946' title='bbox 1682 5207 1711 5259; x_wconf 89' lang='lat' dir='ltr'><strong>in</strong></span> 
     </span>
     <span class='ocr_line' id='line_1_75' title="bbox 70 5268 1712 5354; baseline 0.001 -29"><span class='ocrx_word' id='word_1_947' title='bbox 70 5278 116 5320; x_wconf 68' lang='lat' dir='ltr'><strong>tut</strong></span> <span class='ocrx_word' id='word_1_948' title='bbox 127 5271 268 5338; x_wconf 74' lang='lat' dir='ltr'><strong>medaeas</strong></span> <span class='ocrx_word' id='word_1_949' title='bbox 285 5272 365 5327; x_wconf 89' lang='lat' dir='ltr'><strong>nobis</strong></span> <span class='ocrx_word' id='word_1_950' title='bbox 381 5272 499 5337; x_wconf 86' lang='lat' dir='ltr'><strong>tradidit,</strong></span> <span class='ocrx_word' id='word_1_951' title='bbox 523 5268 571 5326; x_wconf 89' lang='lat' dir='ltr'><strong>sod</strong></span> <span class='ocrx_word' id='word_1_952' title='bbox 587 5278 615 5325; x_wconf 90' lang='lat' dir='ltr'><strong>ot</strong></span> <span class='ocrx_word' id='word_1_953' title='bbox 632 5273 691 5341; x_wconf 88' lang='lat' dir='ltr'><strong>ipsa</strong></span> <span class='ocrx_word' id='word_1_954' title='bbox 707 5274 854 5344; x_wconf 89' lang='lat' dir='ltr'><strong>imperialia</strong></span> <span class='ocrx_word' id='word_1_955' title='bbox 904 5281 996 5329; x_wconf 87' lang='lat' dir='ltr'><strong>uestro</strong></span> <span class='ocrx_word' id='word_1_956' title='bbox 1017 5272 1146 5328; x_wconf 90' lang='lat' dir='ltr'><strong>laterculo</strong></span> <span class='ocrx_word' id='word_1_957' title='bbox 1168 5288 1217 5341; x_wconf 91' lang='lat' dir='ltr'><strong>pre</strong></span> <span class='ocrx_word' id='word_1_958' title='bbox 1235 5272 1415 5327; x_wconf 88' lang='lat' dir='ltr'><strong>codicillorum</strong></span> <span class='ocrx_word' id='word_1_959' title='bbox 1432 5278 1512 5354; x_wconf 85' lang='lat' dir='ltr'><strong>etque</strong></span> <span class='ocrx_word' id='word_1_960' title='bbox 1529 5273 1712 5328; x_wconf 86' lang='lat' dir='ltr'><strong>chartularum</strong></span> 
     </span>
     <span class='ocr_line' id='line_1_76' title="bbox 69 5340 1711 5411; baseline 0.001 -19"><span class='ocrx_word' id='word_1_961' title='bbox 69 5342 212 5405; x_wconf 65' lang='lat' dir='ltr'><strong>emmena</strong></span> <span class='ocrx_word' id='word_1_962' title='bbox 228 5354 298 5409; x_wconf 86' lang='lat' dir='ltr'><strong>quse</strong></span> <span class='ocrx_word' id='word_1_963' title='bbox 313 5345 395 5408; x_wconf 89' lang='lat' dir='ltr'><strong>capta</strong></span> <span class='ocrx_word' id='word_1_964' title='bbox 411 5340 516 5394; x_wconf 82' lang='lat' dir='ltr'><strong>Rorna¹</strong></span> <span class='ocrx_word' id='word_1_965' title='bbox 536 5340 644 5394; x_wconf 81' lang='lat' dir='ltr'><strong>fuerant</strong></span> <span class='ocrx_word' id='word_1_966' title='bbox 660 5341 760 5406; x_wconf 71' lang='lat' dir='ltr'><strong>abate,</strong></span> <span class='ocrx_word' id='word_1_967' title='bbox 777 5343 854 5397; x_wconf 91' lang='lat' dir='ltr'><strong>nobis</strong></span> <span class='ocrx_word' id='word_1_968' title='bbox 903 5340 1077 5411; x_wconf 85' lang='lat' dir='ltr'><strong>promotionis</strong></span> <span class='ocrx_word' id='word_1_969' title='bbox 1101 5355 1166 5395; x_wconf 87' lang='lat' dir='ltr'><strong>suae</strong></span> <span class='ocrx_word' id='word_1_970' title='bbox 1188 5340 1425 5396; x_wconf 86' lang='lat' dir='ltr'><strong>consuetudinibus</strong></span> <span class='ocrx_word' id='word_1_971' title='bbox 1447 5341 1514 5394; x_wconf 88' lang='lat' dir='ltr'><strong>mbll</strong></span> <span class='ocrx_word' id='word_1_972' title='bbox 1537 5341 1711 5411; x_wconf 84' lang='lat' dir='ltr'><strong>ultraquam</strong></span> 
     </span>
    </p>
   </div>
   <div class='ocr_carea' id='block_1_32' title="bbox 73 5498 1711 5783">
    <p class='ocr_par' dir='ltr' id='par_1_35' title="bbox 73 5498 1711 5783">
     <span class='ocr_line' id='line_1_77' title="bbox 73 5498 1711 5577; baseline 0.002 -19"><span class='ocrx_word' id='word_1_973' title='bbox 73 5498 140 5563; x_wconf 73' lang='grc'><strong>(1)-</strong></span> <span class='ocrx_word' id='word_1_974' title='bbox 155 5506 196 5560; x_wconf 73' lang='lat' dir='ltr'><strong>ll.</strong></span> <span class='ocrx_word' id='word_1_975' title='bbox 213 5511 235 5575; x_wconf 90' lang='grc'><strong>1,</strong></span> <span class='ocrx_word' id='word_1_976' title='bbox 251 5521 304 5574; x_wconf 81' lang='lat' dir='ltr'><strong>t‚t</strong></span> <span class='ocrx_word' id='word_1_977' title='bbox 411 5511 497 5574; x_wconf 82' lang='lat' dir='ltr'><strong>(t)=</strong></span> <span class='ocrx_word' id='word_1_978' title='bbox 516 5506 560 5560; x_wconf 80' lang='lat' dir='ltr'><strong>Tl.</strong></span> <span class='ocrx_word' id='word_1_979' title='bbox 580 5512 697 5573; x_wconf 76' lang='lat' dir='ltr'><strong>l‚t,1e:</strong></span> <span class='ocrx_word' id='word_1_980' title='bbox 716 5512 788 5577; x_wconf 79' lang='lat' dir='ltr'><strong>inape</strong></span> <span class='ocrx_word' id='word_1_981' title='bbox 808 5510 852 5563; x_wconf 79' lang='lat' dir='ltr'><strong>To.</strong></span> <span class='ocrx_word' id='word_1_982' title='bbox 904 5514 937 5573; x_wconf 82' lang='lat' dir='ltr'><strong>(el</strong></span> <span class='ocrx_word' id='word_1_983' title='bbox 955 5527 970 5560; x_wconf 91' lang='lat' dir='ltr'><strong>a</strong></span> <span class='ocrx_word' id='word_1_984' title='bbox 988 5508 1017 5575; x_wconf 83' lang='lat' dir='ltr'><strong>lt,</strong></span> <span class='ocrx_word' id='word_1_985' title='bbox 1035 5510 1123 5562; x_wconf 81' lang='lat' dir='ltr'><strong>omG</strong></span> <span class='ocrx_word' id='word_1_986' title='bbox 1228 5510 1273 5573; x_wconf 86' lang='lat' dir='ltr'><strong>(le)</strong></span> <span class='ocrx_word' id='word_1_987' title='bbox 1291 5511 1327 5561; x_wconf 79' lang='lat' dir='ltr'><strong>ric</strong></span> <span class='ocrx_word' id='word_1_988' title='bbox 1344 5511 1409 5571; x_wconf 79' lang='lat' dir='ltr'><strong>dett,</strong></span> <span class='ocrx_word' id='word_1_989' title='bbox 1430 5511 1551 5576; x_wconf 82' lang='lat' dir='ltr'><strong>optimum</strong></span> <span class='ocrx_word' id='word_1_990' title='bbox 1569 5526 1631 5576; x_wconf 90' lang='lat' dir='ltr'><strong>opus</strong></span> <span class='ocrx_word' id='word_1_991' title='bbox 1647 5526 1711 5561; x_wconf 85' lang='lat' dir='ltr'><strong>susc.</strong></span> 
     </span>
     <span class='ocr_line' id='line_1_78' title="bbox 75 5567 1711 5643; baseline -0.001 -14"><span class='ocrx_word' id='word_1_992' title='bbox 75 5567 151 5633; x_wconf 68' lang='lat' dir='ltr'><strong>bb!</strong></span> <span class='ocrx_word' id='word_1_993' title='bbox 230 5585 263 5642; x_wconf 83' lang='grc'><strong>11)</strong></span> <span class='ocrx_word' id='word_1_994' title='bbox 280 5598 314 5619; x_wconf 83' lang='lat'><strong>==</strong></span> <span class='ocrx_word' id='word_1_995' title='bbox 334 5575 378 5628; x_wconf 73' lang='lat' dir='ltr'><strong>Pl.</strong></span> <span class='ocrx_word' id='word_1_996' title='bbox 398 5581 501 5642; x_wconf 81' lang='grc' dir='ltr'>1,ι,11</span> <span class='ocrx_word' id='word_1_997' title='bbox 591 5578 625 5643; x_wconf 81' lang='lat' dir='ltr'><strong>(t)</strong></span> <span class='ocrx_word' id='word_1_998' title='bbox 643 5580 736 5630; x_wconf 75' lang='lat' dir='ltr'><strong>eccidit</strong></span> <span class='ocrx_word' id='word_1_999' title='bbox 756 5579 853 5630; x_wconf 83' lang='lat' dir='ltr'><strong>Graeca</strong></span> <span class='ocrx_word' id='word_1_1000' title='bbox 903 5579 1014 5629; x_wconf 85' lang='lat' dir='ltr'><strong>ordinem</strong></span> <span class='ocrx_word' id='word_1_1001' title='bbox 1026 5578 1052 5637; x_wconf 79' lang='lat' dir='ltr'><strong>C,</strong></span> <span class='ocrx_word' id='word_1_1002' title='bbox 1072 5577 1190 5643; x_wconf 87' lang='lat' dir='ltr'><strong>eptimam</strong></span> <span class='ocrx_word' id='word_1_1003' title='bbox 1206 5592 1269 5629; x_wconf 91' lang='lat' dir='ltr'><strong>susc.</strong></span> <span class='ocrx_word' id='word_1_1004' title='bbox 1285 5577 1518 5629; x_wconf 78' lang='lat' dir='ltr'><strong>herdiuationemll</strong></span> <span class='ocrx_word' id='word_1_1005' title='bbox 1586 5580 1627 5639; x_wconf 81' lang='grc'>(11)</span> <span class='ocrx_word' id='word_1_1006' title='bbox 1644 5578 1711 5643; x_wconf 86' lang='lat' dir='ltr'><strong>tingi</strong></span> 
     </span>
     <span class='ocr_line' id='line_1_79' title="bbox 73 5640 1710 5725; baseline 0.002 -32"><span class='ocrx_word' id='word_1_1007' title='bbox 73 5640 188 5693; x_wconf 56' lang='lat' dir='ltr'><strong>“tuno</strong></span> <span class='ocrx_word' id='word_1_1008' title='bbox 236 5650 268 5711; x_wconf 82' lang='lat' dir='ltr'><strong>(s)</strong></span> <span class='ocrx_word' id='word_1_1009' title='bbox 287 5644 326 5725; x_wconf 72' lang='lat' dir='ltr'><strong>Os.</strong></span> <span class='ocrx_word' id='word_1_1010' title='bbox 343 5645 405 5712; x_wconf 68' lang='lat'><strong>02¹9.</strong></span> <span class='ocrx_word' id='word_1_1011' title='bbox 425 5656 482 5707; x_wconf 86' lang='grc' dir='ltr'><strong>ι,11</strong></span> <span class='ocrx_word' id='word_1_1012' title='bbox 545 5646 580 5709; x_wconf 77' lang='lat' dir='ltr'><strong>(sl</strong></span> <span class='ocrx_word' id='word_1_1013' title='bbox 597 5647 635 5697; x_wconf 82' lang='lat' dir='ltr'><strong>ric</strong></span> <span class='ocrx_word' id='word_1_1014' title='bbox 681 5645 711 5704; x_wconf 84' lang='lat' dir='ltr'><strong>ll,</strong></span> <span class='ocrx_word' id='word_1_1015' title='bbox 729 5646 852 5711; x_wconf 88' lang='lat' dir='ltr'><strong>quinqua·</strong></span> <span class='ocrx_word' id='word_1_1016' title='bbox 903 5649 928 5697; x_wconf 88' lang='grc' dir='ltr'><strong>ει</strong></span> <span class='ocrx_word' id='word_1_1017' title='bbox 951 5649 1024 5709; x_wconf 87' lang='lat' dir='ltr'><strong>quae]</strong></span> <span class='ocrx_word' id='word_1_1018' title='bbox 1047 5647 1097 5710; x_wconf 78' lang='lat' dir='ltr'><strong>tegi</strong></span> <span class='ocrx_word' id='word_1_1019' title='bbox 1116 5643 1237 5709; x_wconf 85' lang='lat' dir='ltr'><strong>atqncll,</strong></span> <span class='ocrx_word' id='word_1_1020' title='bbox 1263 5660 1323 5713; x_wconf 79' lang='lat' dir='ltr'><strong>zegy</strong></span> <span class='ocrx_word' id='word_1_1021' title='bbox 1341 5649 1430 5710; x_wconf 87' lang='lat' dir='ltr'><strong>etque</strong></span> <span class='ocrx_word' id='word_1_1022' title='bbox 1451 5646 1480 5710; x_wconf 80' lang='lat' dir='ltr'><strong>Q,</strong></span> <span class='ocrx_word' id='word_1_1023' title='bbox 1505 5646 1570 5710; x_wconf 83' lang='lat' dir='ltr'><strong>seigi</strong></span> <span class='ocrx_word' id='word_1_1024' title='bbox 1594 5659 1658 5710; x_wconf 86' lang='lat' dir='ltr'><strong>quae</strong></span> <span class='ocrx_word' id='word_1_1025' title='bbox 1684 5645 1710 5715; x_wconf 80' lang='lat' dir='ltr'><strong>C,</strong></span> 
     </span>
     <span class='ocr_line' id='line_1_80' title="bbox 79 5706 1234 5783; baseline 0.002 -20"><span class='ocrx_word' id='word_1_1026' title='bbox 79 5706 168 5763; x_wconf 66' lang='grc' dir='ltr'><strong>ΜΟ</strong></span> <span class='ocrx_word' id='word_1_1027' title='bbox 210 5713 241 5781; x_wconf 77' lang='lat' dir='ltr'><strong>(t)</strong></span> <span class='ocrx_word' id='word_1_1028' title='bbox 257 5713 336 5766; x_wconf 76' lang='lat' dir='ltr'><strong>absos</strong></span> <span class='ocrx_word' id='word_1_1029' title='bbox 353 5714 411 5766; x_wconf 83' lang='lat' dir='ltr'><strong>libri</strong></span> <span class='ocrx_word' id='word_1_1030' title='bbox 460 5714 494 5781; x_wconf 83' lang='lat' dir='ltr'><strong>(e)</strong></span> <span class='ocrx_word' id='word_1_1031' title='bbox 510 5710 585 5783; x_wconf 71' lang='lat' dir='ltr'><strong>eiad,</strong></span> <span class='ocrx_word' id='word_1_1032' title='bbox 600 5714 698 5780; x_wconf 82' lang='lat' dir='ltr'><strong>captiva</strong></span> <span class='ocrx_word' id='word_1_1033' title='bbox 715 5729 730 5764; x_wconf 85' lang='grc' dir='ltr'>ε</span> <span class='ocrx_word' id='word_1_1034' title='bbox 746 5713 853 5766; x_wconf 84' lang='lat' dir='ltr'><strong>romeli</strong></span> <span class='ocrx_word' id='word_1_1035' title='bbox 902 5715 968 5781; x_wconf 85' lang='lat' dir='ltr'><strong>tingi</strong></span> <span class='ocrx_word' id='word_1_1036' title='bbox 986 5729 1049 5782; x_wconf 86' lang='lat' dir='ltr'><strong>qaae</strong></span> <span class='ocrx_word' id='word_1_1037' title='bbox 1066 5716 1102 5768; x_wconf 80' lang='lat' dir='ltr'><strong>ed.</strong></span> <span class='ocrx_word' id='word_1_1038' title='bbox 1122 5715 1234 5767; x_wconf 80' lang='lat' dir='ltr'><strong>Norant.</strong></span> 
     </span>
    </p>
   </div>
   <div class='ocr_carea' id='block_1_33' title="bbox 0 0 1910 6194">
    <p class='ocr_par' dir='ltr' id='par_1_36' title="bbox 0 0 1910 6194">
     <span class='ocr_line' id='line_1_81' title="bbox 0 0 1910 6194; baseline 0 0"><span class='ocrx_word' id='word_1_1039' title='bbox 0 0 1910 6194; x_wconf 95' lang='lat' dir='ltr'><strong> </strong></span> 
     </span>
    </p>
   </div>
  </div>
 </body>
</html>
