3782 6198
219 280 283 347 llll
305 284 429 348 34-35
903 372 1000 385 Q
1028 273 1090 346 lli
1726 301 1872 353 ιιιιιοιιιι

220 465 399 521 ιιιιΙιίῐιθιιιῙιιιιι
416 465 495 532 actio,
517 464 564 519 sed
581 465 661 518 edam
677 464 706 517 lii
723 479 779 518 rem
797 463 939 519 vindicatio
957 479 1030 519 com·
1079 470 1234 519 contractus
1267 463 1313 533 qui
1338 479 1371 519 ex
1401 465 1474 520 hona
1500 465 1553 519 tide
1579 465 1663 518 oritru
1687 464 1722 519 ad
1745 467 1872 535 perulau

220 534 295 604 petit.
346 533 401 588 PP.
427 547 482 587 1111
505 530 554 587 at¹
580 530 633 586 Ial.
660 530 786 586 Maximo
814 545 842 585 11
865 539 893 586 et
921 531 1029 587 Urbanm
1081 538 1092 585 t
1129 532 1289 586 retrahatur.
1330 533 1434 587 Sedet
1457 533 1534 588 siex
1557 537 1668 601 unaque
1689 540 1765 602 parte
1780 535 1872 604 aliquid]

221 618 307 657 coras.
470 669 476 679 Ι
687 667 693 678 ¹
784 667 790 678 ,
916 605 951 664 [a.
970 603 1029 664 234]
1079 599 1160 654 tuerit
1182 599 1345 681 depositum,
1373 615 1423 655 nec
1448 601 1477 655 iii
1499 601 1552 655 hoc
1574 615 1639 654 casu
1664 602 1872 671 compensationis}

255 667 274 726 2
297 668 366 742 Imp.
390 667 546 723 Gordianus
567 669 598 722 A.
624 665 729 722 Celsino
752 667 838 721 naliti.
880 667 985 721 Usurae
1003 668 1031 720 in
1079 667 1244 736 praepeditio
1270 668 1385 734 oriatur,
1412 668 1460 724 sed
1485 668 1623 737 depositae
1651 668 1753 738 quidem
1773 685 1811 723 res
1830 672 1872 726 vel*

221 738 335 807 depositi
358 736 463 791 actione
485 737 557 790 sicut
578 735 605 789 iu
629 735 724 789 ceteris
742 734 829 825 Qec
845 733 906 788 fidei
924 734 1030 789 iudiciis
1079 734 1209 803 pecuniae
1226 734 1261 789 ab
1278 740 1393 805 utraque
1415 742 1494 806 parte
1516 752 1596 816 quam
1613 735 1747 790 celerrime
1762 737 1812 791 siue
1825 740 1872 792 ali-³

220 822 255 861 eii
270 820 346 860 mora
362 805 451 859 venire
469 805 563 858 solent.
599 801 632 856 D.
651 802 676 855 lc.
691 801 759 857 Non.
778 801 830 856 Pio
848 810 876 857 ct
892 802 1030 857 Pontiano
1080 819 1132 883 quo
1150 801 1289 857 obstaculo
1307 805 1492 885 restituantur,
1510 820 1535 858 ei
1551 804 1813 885 videlicetprimiim,
1829 809 1872 874 qui

221 890 381 998 misiam
398 939 429 993 r.
447 938 597 993 sarrano
615 937 701 992 arira
741 937 769 1016 si
780 874 1030 1017 Ιιεροιιιι[ἷῖιίιῗὲἰιῗ
1079 870 1482 1017 if‘inuiiglffeivileiiiiiurii.
1493 875 1596 1007 p⁰o⁸i⁰0⁸a
1613 871 1863 994 iiffiaffi

220 1010 266 1073 ris,
287 1022 343 1063 non
359 1008 490 1061 immerito
509 1006 605 1060 etiain³
621 1020 719 1059 usuras
738 1006 787 1059 tibi
805 1006 909 1060 restitui
926 1004 1030 1073 flagita·
1081 1005 1182 1059 dictum
1199 1012 1240 1060 est
1257 1014 1364 1075 oportet
1380 1011 1409 1061 et
1425 1007 1448 1061 si
1466 1023 1500 1061 ex
1516 1023 1571 1061 ona
1585 1012 1662 1075 parte
1676 1006 1710 1060 de
1730 1008 1800 1061 ositio
1811 1009 1872 1079 cele}

220 1077 270 1142 bis,
288 1091 349 1130 cum
364 1075 412 1130 tibi
427 1074 525 1129 debeat
536 1073 674 1143 gratulari,
688 1072 759 1141 quod
772 1072 838 1126 iurti
851 1088 912 1127 eum
925 1073 1032 1127 actione
1081 1072 1160 1127 brata
1176 1079 1226 1136 est,
1245 1089 1277 1127 ex
1295 1073 1380 1129 altera
1397 1082 1487 1128 autem
1506 1074 1687 1143 compensatio
1706 1023 1785 1128 irent
1799 1086 1872 1144 oppa-t

221 1159 275 1200 uon
296 1144 381 1197 facias
406 1142 562 1206 obnoxium,
584 1142 607 1195 si
625 1140 730 1209 quidem
748 1141 865 1220 quirem
883 1141 1031 1210 depositam
1080 1140 1145 1204 sita,
1169 1144 1200 1194 ut
1221 1141 1276 1194 inte
1342 1142 1414 1195 omni
1431 1142 1547 1211 legitima
1564 1142 1668 1196 ratione
1686 1150 1788 1196 servata
1802 1143 1872 1221 depo-l

220 1212 303 1266 invito
327 1211 433 1266 domino
456 1209 545 1265 sciens
562 1210 733 1278 prudensque
756 1224 784 1262 in
801 1224 866 1262 usus
884 1224 948 1262 auos
967 1225 1030 1262 con·
1080 1208 1148 1262 sitae
1179 1223 1223 1262 res
1250 1223 1281 1262 ve
1323 1209 1454 1278 pecuniae
1484 1210 1570 1279 prima
1592 1209 1681 1263 fronte
1704 1209 1861 1263 restitumur.

221 1279 344 1344 verterit,
370 1278 450 1332 etiam
474 1277 542 1332 initi
567 1276 665 1331 delicto
691 1276 818 1332 succedit.
859 1275 892 1331 ll.
910 1276 960 1330 ici.⁴
979 1275 1030 1330 lnl.
1081 1280 1096 1329 3
1132 1275 1210 1342 Quod
1232 1275 1255 1330 si
1276 1275 1305 1330 in
1327 1277 1434 1346 scriptis
1452 1277 1588 1331 attestatio
1605 1293 1661 1332 nou
1677 1291 1728 1346 per
1744 1276 1822 1331 doluin
1835 1280 1862 1332 vel

222 1346 362 1402 Gordiano
380 1347 411 1400 A.
430 1352 457 1400 et
472 1345 570 1399 Aviola
587 1360 674 1399 conss.
918 1349 952 1409 [a.
972 1347 1030 1408 lati]
1079 1343 1203 1398 standem
1219 1342 1308 1398 'fuemt
1334 1345 1359 1398 ei
1384 1345 1430 1413 qui
1456 1344 1607 1414 depositum
1635 1345 1756 1415 suscepit
1777 1347 1807 1398 ab
1826 1346 1862 1398 aiio

255 1413 369 1471 illino
386 1415 418 1467 A.
439 1412 584 1467 liraocrati'
601 1412 686 1465 utiliti.
728 1411 756 1466 si
779 1411 901 1479 deposita
917 1411 1033 1479 pecunia
1081 1412 1252 1476 transmissa,
1276 1417 1307 1465 ut
1329 1413 1437 1466 minime
1460 1412 1610 1481 depositum
1627 1412 1766 1477 restituat,
1786 1413 1863 1481 hocque

220 1484 243 1538 is
266 1482 387 1551 quicum
405 1480 524 1550 suscepit
541 1495 606 1534 usus
624 1484 677 1545 est,
695 1496 749 1534 noii
766 1479 877 1533 dubium
894 1483 937 1533 est
952 1479 1032 1532 etiam
1080 1494 1130 1548 per
1149 1479 1335 1536 iusiurandum
1352 1480 1545 1545 adfirmaverit,
1566 1480 1646 1535 liceat
1664 1481 1687 1535 ei
1706 1482 1751 1548 qui
1767 1480 1863 1549 deposuit

221 1565 316 1606 usuras
332 1550 427 1604 debere
441 1554 588 1618 praestare.
617 1547 665 1601 sed
677 1548 708 1614 si,
727 1562 788 1601 cum
801 1547 915 1616 depositi
927 1546 1033 1601 acdona
1081 1546 1131 1601 sub
1155 1544 1317 1603 defensionis
1339 1549 1445 1603 mutale
1464 1548 1561 1603 idonea
1577 1549 1709 1627 praestita
1726 1563 1769 1602 res
1785 1548 1862 1616 deposi-

221 1624 349 1688 oxpertua
373 1633 416 1681 es,
438 1614 623 1671 tautummodo
646 1615 727 1669 sortis
749 1615 823 1668 fucta
847 1615 1032 1668 condemnatio
1080 1618 1124 1668 tas
1143 1615 1302 1694 quantocius
1319 1631 1486 1685 recuperare.
1522 1616 1648 1671 Recitata
1669 1617 1782 1697 septicam
1802 1616 1863 1669 milia

222 1692 275 1750 est,
300 1685 372 1740 ultra
392 1700 447 1739 nou
469 1687 565 1753 potas³
587 1688 699 1752 propter
714 1698 811 1738 usuras
829 1682 957 1751 experiri:
978 1697 1032 1736 uon
1080 1683 1124 1737 rio
1147 1698 1177 1735 ra
1198 1699 1269 1737 nooo
1291 1684 1455 1738 consistorio
1475 1685 1581 1757 palatii
1604 1682 1760 1739 Insaniam.
1802 1682 1823 1737 cl.
1840 1696 1865 1737 ιιι

222 1755 291 1809 euim
315 1754 384 1808 duae
406 1757 470 1807 sunt
492 1751 612 1805 actiones
634 1749 689 1804 alia
710 1751 790 1805 sortis
810 1749 864 1804 aha
881 1765 1032 1813 usurarum,
1081 1748 1107 1804 lc.
1127 1748 1195 1805 Noa.
1214 1748 1299 1805 Decio
1317 1767 1391 1805 coar.
1778 1756 1809 1815 [a.
1825 1754 1861 1817 5η

222 1820 360 1902 ιιιΙιιιιι,
384 1835 417 1874 ex
438 1834 492 1888 qua
516 1817 736 1901 condemnatione
757 1819 831 1873 facta
848 1818 946 1873 iterata
961 1817 1032 1873 actio
1100 1814 1157 1899 012
1181 1816 1257 1896 laem
1275 1820 1306 1872 Α.
1326 1817 1446 1899 leborini
1460 1837 1512 1940 pp.
1553 1819 1753 1900 Supervacuum
1775 1824 1861 1873 vetem

221 1888 586 2033 titillantia?
602 1885 799 2008 {ilhffitllita
820 1954 875 2007 ιι.
900 1960 928 2008 a
955 1952 1033 2006 ai.
1082 1884 1863 2021 little⁶,altilltltitttltttttitt

223 2025 343 2081 tetanos
367 2022 393 2077 0.
419 2020 540 2077 Claudio.
581 2022 695 2089 Propter
717 2021 896 2076 iustrumenta
919 2020 1032 2091 quidem,
1082 2020 1168 2076 suerit
1184 2027 1211 2075 et
1227 2021 1318 2090 plures
1336 2022 1444 2093 scripsit
1460 2021 1571 2077 heredes
1590 2029 1617 2075 et
1633 2039 1704 2077 unus
1723 2037 1756 2076 ex
1770 2021 1807 2076 his
1821 2037 1863 2074 con

240 2107 290 2147 uae
306 2095 334 2146 te
352 2090 509 2172 deposuisse
527 2105 588 2143 cuin
603 2089 756 2144 adversario
769 2094 815 2143 tuo
829 2088 904 2155 dicis,
922 2094 953 2142 ut
966 2089 1032 2143 resi·
1082 2089 1227 2156 tingentem
1244 2089 1297 2144 sibi
1334 2090 1463 2145 ortionem
1481 2105 1498 2143 a
1515 2090 1677 2158 depositaria
1696 2105 1761 2144 acce
1779 2091 1803 2153 it,
1818 2089 1864 2141 alter

222 2109 501 2229 inopinumque
524 2173 557 2212 ex
579 2156 756 2212 conductione
778 2156 925 2211 debebatur
947 2156 1033 2211 disso·
1082 2155 1262 2225 supersederit
1283 2105 1440 2212 velalms¹⁴
1462 2157 1574 2212 temnite
1598 2175 1665 2213 casn
1685 2159 1722 2211 im
1775 2158 1780 2170 '
1830 2156 1864 2207 hoc

221 2228 280 2282 luta
312 2241 345 2282 ea
369 2227 517 2295 reciperes,
548 2226 571 2280 si
596 2224 623 2306 id
650 2224 721 2293 quod
746 2225 885 2305 placuerat
909 2224 1033 2292 implesti,
1082 2225 1173 2279 facere
1195 2240 1261 2305 nou·
1293 2226 1403 2304 otuerit,
1426 2231 1454 2279 et
1477 2232 1572 2295 postea
1592 2226 1773 2307 depositarius
1793 2222 1872 2317 M,

222 2302 396 2419 {titali
409 2297 953 2430 atlrttltthatltlltlttl,
966 2292 1033 2414 lii?
1082 2307 1251 2428 ttulit?
1252 2309 1261 2345 ¹
1271 2292 1490 2415 tltilttltt
1504 2293 1563 2415 lli
1577 2294 1723 2416 'ltili
1736 2293 1862 2415 iltis

223 2432 286 2486 dum
312 2429 493 2493 conduxeras,
520 2428 543 2482 si
567 2443 645 2482 omne
686 2428 740 2482 uod
766 2443 799 2481 ex
819 2428 872 2482 hoc
894 2432 1034 2482 contractu
1082 2425 1147 2480 tiam
1160 2428 1252 2481 venire
1269 2434 1364 2482 contra
1382 2428 1538 2483 coheredem
1556 2444 1635 2483 suum
1652 2435 1681 2483 et
1697 2444 1732 2483 ex
1748 2428 1863 2504 empna

221 2499 371 2553 debehatur
387 2496 534 2560 reddidisti,
554 2495 564 2549 i
583 2496 620 2550 ais
638 2445 817 2550 solutionibus
833 2501 909 2550 tutus
926 2511 963 2549 es.
999 2495 1033 2549 Il.
1083 2495 1207 2561 avellere,
1235 2495 1306 2566 quod
1332 2497 1445 2565 ipsoex
1468 2512 1518 2550 sua
1539 2501 1617 2565 parte
1638 2495 1769 2565 consequi
1788 2494 1862 2548 mnino

222 2564 546 2620 salonentianae
589 2580 652 2618 asso
670 2579 757 2617 coras.
920 2568 954 2628 [a.
974 2567 1033 2627 259]
1083 2563 1213 2631 potuerit,
1240 2563 1318 2632 quasi
1343 2580 1375 2618 eo
1398 2562 1470 2644 quod
1493 2564 1605 2619 coheres
1631 2579 1698 2621 acce
1718 2564 1740 2617 it
1764 2556 1872 2618 conrad*

261 2625 384 2704 Glmpp.
402 2631 592 2687 Diocletianus
613 2629 844 2709 ctMacimianns
861 2632 916 2685 ΑΛ.
940 2638 969 2685 ct
986 2630 1033 2685 00.
1085 2629 1243 2697 constituto,
1268 2647 1341 2692 cuni,
1365 2631 1412 2685 nbi
1429 2638 1518 2687 certae
1534 2632 1666 2702 pecuniae
1703 2628 1861 2706 epositaeiuy·

222 2700 342 2756 Antonio
356 2698 517 2755 Alexandro
535 2700 580 2753 ει·
596 2697 713 2771 Ulpiano
725 2699 872 2770 Antipatri.
899 2698 935 2765 Is,
952 2713 1034 2767 penes
1084 2703 1145 2752 rant
1172 2705 1199 2751 et
1224 2714 1300 2753 snam
1325 2706 1430 2768 partem
1455 2716 1525 2754 unus
1556 2715 1589 2755 eii
1614 2699 1759 2756 heredibus
1783 2702 1862 2763 ιιιιιι)

223 2782 302 2839 quem
325 2773 452 2836 numque
474 2771 565 2836 partes
583 2765 781 2821 transactiones
798 2766 839 2820 vel
863 2766 917 2820 alia
935 2767 1034 2820 iustru-
1084 2765 1183 2820 nemini
1204 2767 1305 2820 veniret
1327 2769 1356 2821 iu
1378 2767 1489 2821 dubium
1511 2768 1581 2822 bene
1602 2782 1663 2822 cuin
1680 2766 1862 2837 accepissent!-

224 2842 313 2892 menta
336 2834 536 2890 commendasse
553 2833 631 2902 dicis,
654 2835 738 2902 legem
761 2849 814 2904 qna
831 2834 898 2888 hacc
917 2833 1035 2902 suscepit
1084 2839 1138 2888 teni
1162 2850 1240 2889 suam
1264 2840 1292 2888 et
1316 2851 1370 2889 nou
1394 2835 1492 2890 debere
1517 2835 1597 2890 aliani
1622 2842 1730 2905 partem
1757 2833 1860 2898 ιιιίιιιειι

224 2918 329 2960 servare
345 2918 455 2958 necesse
471 2902 576 2957 hahet.⁷
921 2907 955 2967 [a.
974 2905 1034 2965 293]
1084 2901 1162 2955 uobis
1179 2902 1276 2956 etenim
1293 2919 1347 2957 nou
1364 2902 1470 2957 dictur
1487 2918 1546 2958 esse
1562 2903 1643 2958 homo
1661 2902 1791 2959 obnoxius
1806 2913 1842 2966 inq

258 2968 555 3028 licentiaco.
578 2968 822 3025 AntiocltoAttico
848 2967 897 3023 Cal
917 2969 1033 3023 aniano
1083 2969 1112 3022 in
1134 2984 1223 3024 massa
1245 2984 1332 3039 neque
1355 2970 1383 3024 in
1404 2971 1493 3040 specie
1515 2986 1601 3040 neque
1624 2971 1653 3025 iii
1694 2969 1787 3025 cannia
1801 2974 1858 3020 nii*

120 3087 122 3090 ,
224 3038 404 3118 Democrati..
428 3036 597 3118 Desiderinm
619 3044 696 3116 tuum
720 3050 780 3090 cum
802 2985 952 3117 rationizus
969 3036 1034 3117 iuris
1084 3042 1145 3090 rata
1160 3039 1207 3117 qni
1224 3053 1301 3096 auaui
1318 3043 1423 3107 partem
1440 3039 1572 3108 suscepit,
1595 3054 1629 3093 ne
1645 2987 1779 3093 industria
1793 3042 1859 3104 potu

224 3123 278 3161 uon
295 3108 426 3185 congruit.
461 3120 524 3158 nain
537 3120 561 3159 si
576 3104 724 3186 custodiam
738 3110 1034 3207 pecumaessnscepisti,
1085 3103 1202 3158 desidiae
1228 3105 1322 3159 solvat.
1373 3106 1491 3161 sienim
1523 3111 1551 3161 et
1578 3106 1753 3185 aliua-heres
1777 3106 1860 3169 terion

224 3189 303 3296 tttt
317 3171 1036 3310 tertullianistaealtaltlfilt
1084 3173 1861 3310 ttttllltillttlttttlutlttut'atttt‘ltt

225 3314 420 3377 competentem
435 3307 522 3376 impro
542 3323 557 3361 e
574 3323 700 3386 recusas..
973 3373 979 3387 ⁸
1004 3372 1011 3386 ο
1085 3306 1164 3362 nibus
1181 3308 1287 3364 minime
1304 3309 1380 3365 locus
1399 3310 1607 3378 relinquebatur.
1701 3315 1735 3375 [a
1754 3302 1862 3361 nai-itit

259 3374 278 3435 8
303 3374 378 3430 ldcm
401 3376 458 3429 ΛΑ.
482 3382 509 3429 ct
534 3372 581 3429 00.
605 3375 716 3429 Aurelio
741 3372 910 3428 Alcaavidro.
952 3373 980 3428 Si
1003 3390 1035 3445 is,

224 3444 271 3513 qui
288 3443 437 3512 depositam
455 3457 471 3496 a
487 3447 515 3496 te
532 3442 672 3511 pecuniam
692 3440 810 3509 accepit,
833 3457 893 3495 eain
914 3456 963 3495 sno
987 3457 1035 3495 no·

223 3512 293 3565 mine
310 3511 352 3565 vel
371 3509 513 3564 cuiuslibet
529 3509 640 3564 alnum
657 3515 751 3563 mutuo
769 3508 851 3575 dedit,
873 3514 930 3563 tani
948 3509 1036 3577 ipsum

224 3579 259 3633 de
283 3577 418 3646 implenda
445 3583 571 3645 suscepta
595 3576 649 3632 tide
676 3593 755 3647 quain
781 3577 838 3630 eins
867 3592 1035 3631 successores
1320 3602 1326 3613 ·
1419 3582 1563 3643 XXXV‚¹³

223 3645 310 3700 terrem
327 3645 377 3699 tibi
394 3645 571 3700 certissimum
590 3648 639 3704 est.
674 3644 800 3699 adversm
813 3660 874 3698 curu
887 3650 975 3698 autem
990 3644 1036 3714 qui
1410 3681 1437 3731 Μ
1554 3681 1567 3730 1

225 3713 329 3782 accepit
350 3712 425 3767 nulla
449 3712 520 3766 actio
544 3712 593 3766 tibi
616 3712 754 3781 competit,
782 3712 835 3766 nisi
863 3713 964 3765 nummi
989 3727 1034 3765 en-
1438 3681 1575 3732 ANDAT’

224 3787 297 3835 tant:
321 3786 386 3834 tuuc
404 3781 474 3834 enini
492 3786 587 3834 contra
603 3779 784 3849 possidentem
800 3779 840 3833 uti
857 3778 1036 3834 vindicatione
1122 3778 1135 3836 1
1159 3778 1247 3852 Impp.
1263 3779 1378 3836 Severus
1390 3786 1418 3834 ct
1430 3781 1585 3834 Antoninos
1598 3781 1653 3833 ΛΑ.
1670 3776 1806 3833 Leonidae
1825 3768 1870 3822 ll

223 3855 310 3919 potes.
346 3848 379 3902 l).
399 3862 453 3901 1111
469 3845 495 3901 lc.
514 3846 597 3904 Mart.
617 3847 701 3901 Sirmi
717 3846 788 3901 ΛΑ.)
804 3862 891 3901 conss.
927 3852 962 3911 [a.
976 3850 1035 3911 293]
1087 3864 1180 3903 versus
1201 3863 1275 3914 erim,
1299 3848 1375 3901 cuius
1399 3847 1505 3915 negotia
1545 3854 1603 3901 esta
1624 3853 1700 3914 sunt,
1725 3846 1861 3913 depretia

259 3914 278 3975 9
297 3914 373 3970 Idem
391 3917 446 3994 ait.
465 3922 492 3971 ct
511 3913 558 3970 00.
576 3915 690 3994 Aurelio
705 3905 865 3985 Maoioplilo
888 3914 1035 3969 etaetatis.
1087 3930 1166 3983 qnam
1190 3915 1222 3970 de
1245 3915 1362 3985 propriis
1386 3915 1481 3983 opibus
1499 3864 1544 3968 vel
1563 3916 1597 3969 ab
1615 3915 1674 3969 aliis
1693 3920 1781 3968 mutuo
1795 3919 1861 3979 acca

225 3984 291 4038 (lum
309 3983 444 4037 hereditas
461 3998 603 4051 personam
622 3981 744 4036 dominae
768 3982 908 4045 sustineat,
932 3983 966 4035 ab
989 3982 1035 4034 he·
1086 3983 1294 4052 tam'erogasti,
1316 3982 1435 4036 mandati
1458 3983 1564 4037 actione
1585 3999 1634 4051 pro
1658 3989 1732 4037 sorte
1753 3986 1778 4034 et
1799 3984 1861 4050 maol

225 4050 351 4104 reditario
368 4066 453 4114 serio,
477 4052 634 4120 priusquam
650 4050 722 4118 patri
738 4055 825 4104 vestro
844 4049 1036 4114 successeritis‚
1086 4058 1163 4120 potes
1181 4050 1308 4119 experiri:
1333 4050 1366 4103 de
1387 4049 1485 4105 salario
1509 4050 1580 4117 quod
1603 4050 1726 4119 promisit
1741 4064 1758 4102 a
1772 4038 1861 4116 panuh

225 4133 268 4172 res
295 4117 493 4173 commendatas
520 4118 666 4172 secundum
690 4118 788 4171 bonam
813 4115 892 4171 tidem
920 4117 956 4171 ab
978 4117 1036 4172 eius
1087 4118 1239 4188 provinciae
1257 4117 1372 4186 cognitio
1389 4117 1570 4187 praebebitur.

226 4186 272 4254 qui
288 4189 445 4255 susceperat
462 4186 662 4241 successoribus
685 4184 758 4263 apud
777 4188 908 4240 rectorem
929 4184 1036 4263 provin·
1121 4182 1201 4243 2Irn
1223 4228 1228 4239 .
1247 4185 1402 4240 Antoninus
1417 4189 1447 4239 Α.
1468 4185 1558 4239 Statio
1576 4182 1745 4240 Marcellino.
1777 4179 1861 4252 Gnitl¹

226 4254 283 4308 ciac
306 4258 397 4322 petere
419 4253 541 4321 potestis.
581 4252 638 4307 PP.
661 4266 706 4306 vri
724 4251 760 4306 al.
779 4251 848 4308 Non.
867 4252 949 4306 Sirmi
967 4252 1037 4307 ilii.⁹
1088 4268 1170 4309 causa
1186 4203 1364 4307 ideiusnoniu
1382 4253 1522 4320 pecuniam
1537 4258 1643 4332 patrem
1661 4258 1737 4306 tuum
1752 4246 1861 4304 aalma

226 4337 313 4375 conss.
711 4387 716 4399 Ι
747 4387 753 4399 ·
922 4325 957 4399 [a.
977 4324 1036 4383 293)
1087 4336 1232 4390 proponas,
1255 4321 1338 4374 habes
1355 4320 1473 4373 mandati
1491 4327 1635 4383 actionem,
1678 4335 1714 4373 ua
1734 4333 1783 4372 nou
1801 4310 1860 4365 solln

262 4386 301 4446 10
322 4385 420 4442 ¹⁰Idem
438 4390 493 4442 ΛΑ.
517 4393 546 4443 et
567 4385 616 4442 00.
638 4385 786 4459 Septimiae
809 4385 1035 4454 amaraallaeu
1087 4388 1243 4509 pecuniam,
1267 4388 1315 4442 sed
1338 4387 1418 4441 etiam
1442 4388 1555 4457 pignora
1576 4387 1605 4442 iii
1628 4337 1805 4455 ablauium
1821 4388 1860 4430 2⁸1¹

226 4455 308 4523 Qui¹¹
325 4454 474 4524 depositum
490 4471 545 4510 nou
562 4453 687 4520 restituit,
706 4471 754 4510 suo
768 4455 875 4510 nomine
889 4458 1036 4510 conventus
1106 4455 1203 4510 educta
1219 4461 1296 4524 potes
1315 4456 1450 4523 consequi.
1486 4454 1542 4508 PP.
1566 4470 1629 4509 viri.
1836 4510 1840 4519 ,

226 4530 254 4578 ct
279 4523 502 4577 condemnatus¹³
528 4521 563 4577 ad
589 4522 646 4577 eius
665 4523 859 4578 restitutionem
883 4538 944 4577 cuni
966 4520 1036 4577 inia-
1122 4520 1140 4580 3
1164 4521 1239 4578 ldcm
1264 4525 1294 4577 Α.
1321 4521 1463 4576 damano.
1503 4522 1532 4577 Si
1557 4530 1635 4592 pater
1660 4525 1724 4577 tuns
1747 4516 1791 4572 tibi
1811 4506 1858 4566 δι”

225 4591 298 4712 roffi
311 4590 585 4713 penpcpicwnffetg&
604 4589 782 4711 cSalsscivpta
794 4591 889 4663 pridie
904 4590 967 4723 inpar
976 4588 1036 4722 ἐξ]
1087 4590 1498 4711 ἰιιὲίιιὼὶιιιέιιιίιιιιιοῖιιιιοιιιιιιιει
1517 4588 1858 4712 ιᾱιιιιιὲιθάεδίῐιέιῠιέῐέῗ

299 4675 343 4711 res
388 4675 431 4712 ro
501 4675 519 4711 a
580 4674 692 4711 ‚ons
932 4675 957 4711 a.
1087 4674 1210 4712 muvi
1279 4673 1428 4712 ouiise
1499 4673 1724 4712 esensavrsus

261 4722 297 4781 11
319 4722 387 4796 Imp.
407 4723 577 4779 lautinianns
599 4726 629 4778 Α
648 4723 822 4780 Danastleni
837 4742 889 4797 pp.
929 4724 1036 4794 Siquis
1088 4730 1163 4793 tegra
1185 4674 1308 4794 experiri.
1348 4724 1370 4779 si
1380 4674 1437 4792 pqni
1476 4726 1566 4793 itaque
1590 4726 1623 4779 ab
1644 4741 1675 4779 eo
1694 4722 1762 4795 apud
1776 4715 1856 4799 iudea

226 4793 418 4873 velpecunias
442 4792 484 4846 vel
506 4808 550 4847 res
571 4791 700 4873 quasdam
723 4806 771 4873 per
793 4792 966 4872 depositionis
990 4808 1036 4848 ac·
1088 4800 1254 4872 commeat,
1279 4792 1395 4847 rescindi
1417 4793 1491 4870 nulla
1513 4794 1583 4847 ratio
1601 4794 1710 4861 patitur.
1742 4786 1791 4844 ΡΡ.
1810 4773 1856 4865 vii

225 4866 298 4981 iclepit
319 4859 437 4980 titpilum,
460 4874 506 4980 erp
528 4859 627 4915 volenti
640 4875 676 4981 llei
693 4877 738 4928 qni
755 4859 788 4915 de
807 4866 910 4914 canent
927 4859 1037 4914 reddere
1088 4860 1156 4916 Non.
1176 4860 1278 4915 Sabino
1297 4875 1324 4914 l!
1340 4868 1368 4915 at
1383 4861 1513 4914 Annllrno
1531 4877 1619 4939 conss.
1776 4848 1857 4974 [Iffi

227 4942 357 5049 siffoiffefn
373 4942 423 5048 iel
424 4932 1036 5075 1{illinisticiciclgilupeveitiiltilinexctiipliiilioieiiniiii)1ilii:
1088 4926 1753 5064 copstpppmrslgppppppmnfflpfflpnfipnpupip
1765 4986 1793 5042 ad
1805 4992 1856 5062 2¹⁰1·

226 5068 282 5123 nat,
301 5076 377 5131 quasi
393 5067 422 5116 et
438 5078 496 5130 ipse
512 5062 640 5131 quasdam
660 5069 755 5117 uonna
772 5078 833 5116 eum
850 5079 897 5131 qui
914 5063 1038 5132 deposuit
1088 5063 1187 5118 ceiidas
1210 5078 1307 5117 causas
1328 5063 1514 5144 appellationis
1536 5068 1732 5131 procuratorem
1747 5055 1856 5111 mount

227 5131 346 5184 actiones
373 5129 527 5198 personales
553 5129 595 5183 vel
619 5129 648 5182 iii
678 5145 735 5184 reni
760 5130 802 5183 vel
831 5130 1036 5199 hypothecariae
1087 5138 1158 5195 runt,
1176 5132 1200 5184 si
1217 5137 1307 5185 amen
1323 5130 1390 5183 nihil
1407 5130 1488 5198 culpa
1504 5136 1552 5184 tua
1568 5129 1670 5185 acum
1688 5136 1739 5193 est,
1759 5120 1854 5202 tumim·

227 5196 418 5276 praetendens,
440 5213 501 5252 oum
517 5213 572 5252 uon
589 5198 640 5253 sub
657 5198 708 5252 hoc
725 5197 804 5253 modo
822 5197 973 5266 depositum
990 5213 1035 5252 ac·
1087 5215 1155 5319 poor
1172 5198 1200 5252 iii
1216 5199 1264 5251 lito
1277 5198 1410 5267 probabili
1424 5199 1527 5251 ratione
1542 5198 1654 5262 ieceras,
1673 5201 1794 5252 conam
1804 5195 1853 5237 Μ’

227 5270 312 5334 cepit,
346 5271 376 5318 ut
401 5280 456 5319 non
480 5280 610 5320 concessa
636 5265 662 5318 ci
687 5265 801 5319 mteutio
827 5268 982 5334 generetur,
1009 5271 1036 5320 et
1105 5267 1143 5320 ati
1160 5267 1265 5320 actione
1283 5274 1374 5335 petere
1391 5272 1478 5335 potas.
1513 5266 1541 5319 S.
1565 5280 1622 5319 viii
1636 5264 1672 5319 id.
1691 5264 1746 5319 [aa

837 5382 959 5388 *¹
963 5382 1053 5389 --.ὑ-
1709 5360 1840 5387 J

227 5438 258 5501 (t)
276 5450 320 5485 1111
333 5434 367 5485 id.
382 5434 413 5499 P,
429 5450 459 5485 vi
473 5435 614 5488 k.Collutr'o
656 5437 872 5503 (i)t'anqe3,³t,d
915 5437 949 5498 (3)
963 5436 1038 5486 etiam
1088 5437 1154 5501 quod
1177 5437 1267 5489 CRM‘
1340 5437 1375 5502 (a)
1393 5451 1431 5488 aa.
1449 5437 1595 5500 Mommsen,
1612 5456 1656 5489 ora.
1676 5436 1741 5489 iniri:
1759 5422 1850 5497 ptest?

227 5522 272 5554 a..
289 5503 432 5567 Mina)
497 5505 530 5567 (i)
551 5520 593 5570 rr·
611 5519 630 5551 ι
646 5503 680 5553 id·
700 5507 724 5566 ³,
743 5515 809 5566 aar
872 5505 906 5568 (ι)
923 5508 1038 5569 exosum
1087 5508 1134 5569 (io)
1147 5529 1182 5549 =
1198 5504 1301 5587 carran
1314 5508 1374 5568 iai
1418 5506 1461 5587 (ιι)
1476 5504 1758 5569 quarmuuacaaa,
1772 5486 1849 5601 alp

227 5586 310 5689 iat·
327 5570 1039 5705 titillantiatinnitu·atili
1087 5573 1133 5704 iil
1148 5554 1846 5706 itatatlttiltltnttttnl

228 5708 335 5772 scriptio,
345 5725 416 5771 qaam
428 5707 453 5754 P
466 5718 504 5757 ct
514 5658 644 5768 siitsiaazie,
655 5724 675 5757 c.
686 5708 819 5759 tratitata
827 5717 863 5757 ost
896 5707 932 5771 (8)
941 5709 977 5757 cic
986 5703 1037 5766 Μ’,
1092 5707 1128 5771 Cs.
1139 5705 1200 5773 Dip.
1212 5710 1251 5771 ll,
1261 5720 1269 5759 t
1281 5708 1340 5758 lnat.
1351 5710 1375 5771 3,
1385 5677 1419 5759 tt·
1431 5678 1493 5772 ’flii
1503 5728 1532 5761 ae
1541 5721 1615 5775 muta,
1625 5712 1657 5776 cs.
1667 5676 1845 5775 Di'offfiiW'
