3782 6198
66 286 276 342 asamonaei
295 283 426 334 narnia
772 228 776 232 Π
828 259 890 333 aab
1477 241 1482 251 ⁴
1511 268 1539 336 V
1562 272 1687 336 51-54

89 454 118 513 it
138 453 202 509 lieni
223 452 275 508 AA.
297 458 326 508 et
346 450 394 507 CC.
419 450 574 518 Quinullaa
616 450 728 507 Tutelae
753 451 825 507 actio
876 450 965 506 culum
987 449 1095 506 minime
1117 450 1239 518 liniatur,
1263 457 1352 507 nmen
1374 468 1435 507 eum
1452 454 1499 534 qni
1516 452 1686 509 administra-

63 534 104 579 tam
124 522 248 578 mutibus
392 520 490 576 etiarn¹
526 523 622 574 contra
654 535 825 576 successores
875 521 926 584 rit,
948 520 972 575 si
995 518 1122 574 solvendo
1145 519 1193 585 sit,
1217 520 1245 573 in
1268 520 1353 589 primo
1371 522 1431 576 loco
1450 536 1561 590 eiusque
1579 537 1686 577 succes·

60 609 104 647 con
142 591 148 604 ’
193 588 218 644 S.
231 535 393 668 ‘ffflffi
410 587 510 667 Sirmi⁸
525 587 573 643 CC.
595 604 683 643 conss.
716 594 751 668 [a.
765 592 824 666 191]
876 601 951 643 sores
964 586 1159 643 conveniendos
1168 602 1228 643 esse
1237 604 1290 643 non
1300 589 1453 658 ambigitur.
1481 589 1686 645 S.1111lr.Oct.

86 658 96 715 1
130 657 188 728 lup.
204 654 368 711 [mamarius
384 657 416 711 A.
435 655 546 710 Iuliam
559 673 609 727 pp.
636 656 742 711 Veteris
760 656 825 710 iuris
877 655 925 710 CC.
944 671 1032 711 conss.
1571 661 1685 723 [11191]

59 725 214 782 damnarem
235 723 383 779 decidentes
405 724 553 790 sancimus,
577 724 601 777 si
622 723 730 792 quidem
750 728 825 777 mcor

57 795 87 848 rel
104 796 197 848 suntor
231 807 261 846 ro
283 793 434 846 substantia
452 792 546 861 pupilli
564 792 605 845 rel
622 791 708 845 adulti
725 790 826 859 aliquid

58 862 185 928 ubicunqne
212 809 305 913 Kizarit
336 859 370 913 ud
400 861 540 940 maiorem·
559 860 734 940 quantitatem
766 873 825 912 eum
1235 863 1328 923 hill!

194 926 825 1116 ..irgine
1080 962 1127 1012 υ(
1145 961 1183 1012 u
1328 963 1489 1014 mm-

56 1080 93 1145 qua
106 1078 207 1128 uuum,
224 1062 289 1142 nihil
306 1063 411 1143 scutati
427 1062 621 1184 firmianum,
643 1079 671 1118 se
706 1062 759 1116 hoc
776 1061 825 1116 ob·
911 1059 924 1117 1
948 1059 1037 1133 Impp.
1057 1060 1173 1116 Seuerus
1194 1067 1221 1116 et
1238 1064 1393 1143 Aretoninns
1409 1065 1466 1118 AA.
1485 1062 1685 1135 Asclepiodoto.

55 1141 129 1195 unae,
164 1130 214 1185 uod
233 1131 319 1199 ipsius
340 1145 379 1184 rei
401 1132 429 1184 in
448 1132 506 1185 ncit
527 1138 626 1184 natura
648 1136 676 1185 et
700 1144 825 1185 mensura
876 1128 1012 1184 Aduersus
1034 1130 1159 1183 heredem
1176 1135 1275 1185 tutoris
1293 1130 1328 1184 ad
1345 1131 1557 1186 transferendam
1574 1132 1687 1185 tutelam

57 1208 63 1253 1
96 1199 150 1267 pupi
197 1198 217 1252 ‘s
241 1198 282 1252 rel
308 1198 393 1253 adulti
418 1198 535 1253 ostendit
559 1198 736 1254 substantiae.
778 1197 825 1252 Sin
876 1196 990 1251 iudicem
1013 1199 1148 1266 accipiens
1171 1205 1291 1266 tempore
1312 1198 1367 1252 litis
1388 1198 1423 1252 sd
1440 1200 1568 1268 puberem
1586 1200 1687 1253 iustru-

53 1274 120 1321 autem
143 1266 283 1321 inrenmm
310 1266 418 1335 publice
443 1267 517 1329 lacto
542 1282 586 1321 res
612 1266 758 1335 pupillares
784 1266 826 1320 rel
876 1270 965 1318 menta
1002 1265 1144 1319 ertinentis
1162 1266 1268 1318 restitui
1284 1266 1456 1320 desiderabis.
1510 1267 1564 1321 uod
1584 1269 1606 1320 si
1625 1268 1685 1321 dolo

52 1335 116 1387 adulti
135 1334 313 1403 conscripserit
336 1339 364 1388 et
385 1334 444 1404 ipse
469 1350 518 1403 per
539 1333 690 1388 huiusmodi
709 1334 825 1401 scriptu·
876 1348 930 1385 non
947 1281 1139 1395 euEibeantur,
1163 1334 1190 1385 in
1211 1334 1285 1412 litem
1302 1333 1408 1388 iurandi
1426 1334 1474 1387 tibi
1491 1284 1608 1388 incultas
1627 1335 1685 1401 erit,

52 1417 93 1455 nn
114 1401 239 1456 romarus
265 1401 347 1456 inerit
372 1402 529 1470 ampliorem
554 1402 729 1470 quantitatem
761 1402 825 1455 sub·
875 1399 953 1453 inodo
980 1401 1004 1454 si
1027 1401 1160 1470 quosdam
1185 1401 1287 1469 pupillo
1310 1400 1428 1455 debitam
1451 1402 1628 1456 adfectionem
1652 1403 1687 1454 ad

51 1468 147 1534 suamc,
168 1486 218 1523 non
235 1484 295 1524 esse
312 1469 385 1524 aliud
402 1469 596 1539 inspiciendum
614 1470 667 1524 nisi
684 1471 735 1524 hoc
754 1469 826 1537 quod
875 1467 1111 1556 assumimusque
1137 1469 1271 1537 religionis
1298 1470 1441 1522 extendere
1463 1470 1587 1524 volueris.
1628 1470 1685 1523 ΡΙ).

51 1537 140 1615 scripsit,
155 1543 181 1590 et
196 1538 341 1591 meandum
355 1539 424 1591 rires
441 1538 558 1591 eiusdem
572 1538 723 1606 scripturae
740 1537 824 1606 patri·
875 1535 902 1589 lr.
920 1536 963 1588 Au
984 1578 990 1589 .
1011 1538 1079 1591 beta
1099 1551 1125 1589 11
1142 1553 1215 1591 coru.
1572 1543 1607 1603 [a.
1627 1542 1685 1600 1115]

51 1620 141 1657 nomam
163 1604 253 1672 pupilli
279 1605 320 1659 sel
350 1605 436 1659 adulti
460 1605 542 1671 exigi:
576 1621 663 1673 neque
689 1605 760 1658 enini
786 1605 825 1659 sic
909 1601 929 1659 2
971 1620 1024 1675 inp.
1048 1606 1204 1658 Antoninus
1226 1607 1257 1658 A.
1283 1603 1391 1659 Seuero.
1434 1606 1473 1670 Is,
1500 1605 1546 1673 qui
1567 1606 1687 1659 rationes

51 1672 108 1724 lano
123 1671 238 1741 simplex,
255 1673 336 1726 imino
354 1672 437 1740 magis
456 1674 556 1727 stultus
572 1673 708 1727 iuvenitur
745 1679 776 1726 ut
799 1679 826 1725 et
875 1671 977 1725 tutelae
1000 1688 1048 1725 seu
1072 1687 1154 1725 curae
1176 1673 1307 1740 reposcit,
1334 1672 1432 1727 inritus
1456 1674 1484 1727 iii
1506 1674 1579 1728 litem
1597 1674 1687 1727 iurare

50 1739 173 1807 hpubbco
188 1740 336 1795 mrentario
360 1748 456 1794 contra
474 1756 505 1795 se
523 1740 603 1794 scribi
621 1712 722 1808 aliquiri
739 1740 825 1809 patia-
876 1739 999 1808 compelli
1017 1756 1071 1793 non
1089 1744 1186 1808 potest.
1223 1739 1271 1793 sed
1289 1741 1379 1794 rolens
1396 1742 1435 1794 ita
1452 1740 1558 1794 demum
1575 1742 1686 1794 audieu-

50 1812 100 1871 111)
114 1816 160 1860 tur.
200 1806 248 1861 Illo
277 1808 372 1875 procul
398 1807 480 1862 dnbio
507 1808 689 1869 observando,
715 1816 746 1861 ut
771 1824 825 1862 non
876 1808 926 1860 dus
949 1814 1003 1873 est,
1029 1807 1053 1861 si
1075 1808 1153 1862 heres
1176 1822 1225 1875 per
1248 1809 1353 1875 longam
1375 1808 1572 1863 successionem
1589 1810 1686 1863 tutoris

49 1874 122 1928 sidat
143 1879 214 1928 tutor
234 1876 276 1930 rel
303 1881 412 1930 curator
437 1892 480 1930 res
504 1877 648 1945 pupillares
673 1875 715 1930 rel
741 1875 826 1930 adulti
876 1875 1053 1929 instrumenta
1075 1875 1218 1943 pupillaris
1242 1875 1323 1928 dolet
1345 1876 1568 1931 circumveniendi
1591 1876 1687 1944 pupilli

49 1942 243 2011 deiungere
260 1943 302 1997 rel
326 1944 408 1997 ullam
426 1944 477 1998 sibi
495 1944 709 1998 communionem
725 1943 761 1998 ad
778 1959 825 1998 eas
879 1948 889 1996 1
925 1943 1012 2009 grstia
1035 1944 1161 1997 exhibere
1183 1958 1238 1997 non
1255 1944 1320 1997 rirlt.
1362 1944 1409 1998 Sin
1426 1959 1488 1998 rero
1506 1958 1592 2012 neque
1609 1944 1686 1998 dolus

49 2008 165 2076 abun,
185 2011 236 2065 nisi
272 2011 329 2065 rins
346 2011 495 2073 inventario
513 2011 621 2080 publice
637 2010 711 2065 iacto
729 2024 825 2066 secun·
875 2024 962 2089 neque
978 2011 1034 2063 lata
1053 2012 1133 2079 culpa
1150 2025 1235 2078 neque
1252 2010 1328 2064 irsus
1350 2011 1456 2065 heredis
1474 2013 1647 2065 contincatur
1657 2016 1685 2077 ¹⁰,

48 2076 92 2129 dnn
109 2092 201 2157 morem
222 2027 332 2158 sofituin
356 2095 400 2134 res
422 2079 461 2134 eis
484 2079 640 2134 tradantur:
665 2078 719 2158 nisi
740 2084 825 2133 testa·
876 2093 974 2132 omissa
989 2078 1161 2157 iurisiurandi
1175 2078 1685 2158 facultatetiuderdereritatecognos·

47 2152 99 2198 tores
121 2161 161 2213 qni
187 2148 366 2201 substantiam
394 2148 581 2201 manumittunt
606 2147 759 2217 specialiter
784 2147 824 2200 in·
877 2152 927 2203 cet.
945 2160 1013 2214 quae
1028 2153 1108 2200 etiarn
1123 2153 1285 2213 argumentis
1298 2147 1405 2215 hqurdis
1419 2147 1571 2215 investigari
1586 2152 1684 2216 potest.

47 2213 212 2267 traianum
230 2215 365 2269 conscribi
381 2214 535 2269 roborarint.
564 2214 826 2269 Scituristutoribus
876 2212 1453 2285 [111111.θειάαοὸιιςΑῳήεοοηεε,
1570 2220 1605 2279 [a.
1625 2218 1684 2275 2111

46 2281 237 2347 acmnmbna
256 2282 337 2351 quod,
361 2283 384 2336 si
401 2282 579 2337 inventarium
595 2284 685 2337 facem
702 2283 824 2350 neglexe-
910 2278 928 2338 3
950 2280 1396 2336 ι11111114111111111111111111Ὶὶ
1426 2282 1535 2337 Summa
1552 2282 1686 2337 sententia

45 2347 135 2411 rihtet
157 2350 234 2429 quam
260 2351 381 2419 suspecti
406 2351 440 2405 ab
469 2351 559 2405 officio
585 2357 772 2405 removeantur
798 2356 826 2403 et
875 2349 1076 2416 comprehensa,
1092 2364 1172 2418 quain
1185 2349 1352 2404 cessantibus
1368 2352 1536 2405 cumtoribus
1552 2350 1686 2418 quondam

15 2484 16 2487 Ἴ
45 2416 114 2482 narb
128 2416 262 2484 legitimis,
287 2432 356 2486 quae
374 2423 469 2473 contra
487 2435 532 2473 eos
550 2419 735 2473 interminatas
753 2423 824 2482 sunt,
875 2417 961 2470 tuis'³
983 2416 1064 2470 iudex
1082 2422 1190 2471 secutus
1210 2417 1382 2471 iurisiurandi
1400 2434 1417 2471 a
1434 2424 1461 2472 te
1478 2419 1608 2487 prolati¹⁴
1624 2418 1686 2472 reli·

15 2516 17 2519 ·
44 2483 192 2539 ubiacebnnt
223 2493 250 2541 et
282 2492 378 2554 postes
408 2492 541 2555 perpetua
566 2487 673 2541 macula
698 2486 825 2540 iniamus
874 2484 979 2552 ponem
996 2485 1024 2538 in
1038 2485 1286 2539 condemnationem
1299 2485 1417 2549 deduxit,
1435 2486 1519 2539 minui
1532 2490 1613 2555 pacto
1630 2502 1686 2539 non

44 2551 186 2619 mabunbir,
204 2569 292 2623 neque
309 2557 344 2609 ab
361 2553 493 2633 imperiali
510 2554 638 2608 beneficio
655 2554 825 2609 absolutione
874 2554 972 2621 potuit.
990 2550 1046 2606 ΡΡ.
1057 2550 1168 2607 lc.¹⁸Ial.
1179 2552 1300 2606 Lateri
1313 2560 1339 2606 et
1350 2553 1457 2607 Cereale
1468 2571 1555 2608 coins.
1579 2558 1685 2618 [11115]

15 2672 17 2679 ,
43 2617 166 2674 huiusmodi
188 2626 270 2676 notae
292 2621 409 2676 irriibin.
445 2621 478 2676 ll.
500 2621 527 2675 a.
545 2624 615 2694 Auq.
635 2620 825 2677 Constantino-
909 2618 928 2675 4
954 2617 994 2672 Im
1017 2662 1022 2673 .
1052 2617 1209 2673 Gordianus
1232 2623 1264 2673 A.
1291 2619 1428 2674 Muciano.
1473 2622 1534 2675 ntia
1560 2623 1618 2676 iure
1644 2627 1686 2675 est

42 2687 85 2757 poli
97 2687 240 2760 Lampadio
259 2695 289 2745 et
307 2688 401 2745 Oreste
418 2706 457 2745 ou.
475 2706 512 2745 cc.
532 2705 620 2745 conss.
711 2694 745 2754 [a.
764 2693 824 2754 1311]
874 2690 957 2753 tutor,
975 2637 1028 2741 aiio
1046 2688 1123 2741 heres
1142 2688 1207 2741 eins.
1243 2691 1317 2741 tutor
1334 2688 1404 2742 enim
1420 2689 1596 2742 inventarium
1614 2695 1685 2742 cete·

874 2756 1153 2876 anueagisgrumenta
1168 2755 1193 2809 si
1207 2769 1264 2875 rtiout
1275 2756 1404 2877 prgfefgssg'
1421 2757 1450 2810 in
1464 2757 1538 2877 littam
1550 2757 1685 2877 iusiililrau·

894 2838 938 2876 um
996 2838 1087 2877 ursus
1118 2838 1147 2876 se
1193 2838 1251 2876 oes
1287 2838 1357 2876 ami
1398 2839 1479 2877 seza
1514 2839 1584 2877 euim
1626 2839 1685 2877 eres

385 2897 451 2958 1,11;
874 2891 932 2945 eius
954 2891 992 2944 ita
1009 2890 1129 2953 demum,
1152 2838 1305 2959 sipreperta
1321 2891 1350 2945 in
1368 2891 1516 2945 hereditate
1533 2891 1598 2946 dolo'
1613 2892 1684 2945 mulo

42 2994 75 3044 pu
94 2995 282 3048 mammam
304 2995 440 3047 TUTELA
466 2996 511 3047 ΕΤ
532 2997 597 3047 PRO
620 2996 689 3055 (ΝΑ
711 2994 825 3045 PARTE
878 2964 889 3012 1
926 2971 981 3012 non
997 2958 1130 3012 exhibeat.
1170 2958 1223 3012 Sed
1240 2974 1301 3011 cum
1318 2958 1446 3013 adversus
1463 2959 1550 3027 ipsum
1568 2963 1685 3014 tutorem

124 3065 269 3124 QUssQUE
286 3064 448 3116 1110111
466 3063 719 3116 1011111111·
874 3026 1685 3214 1111111111)111111111111111111’ἑηῖ1

64 3159 76 3218 1
94 3160 155 3234 Imp.
174 3163 333 3219 Gordianus
350 3165 382 3217 A.
403 3164 425 3220 0
447 3172 512 3218 tato.
539 3164 567 3218 Si
580 3167 643 3232 post
656 3162 761 3218 finitum
776 3162 824 3217 ad·
875 3162 1011 3217 exhibebit
1025 3178 1080 3215 non
1094 3162 1228 3229 ignorans,
1243 3162 1293 3215 nisi
1308 3177 1340 3215 eii
1361 3162 1485 3216 ibeantur
1497 3163 1684 3228 instrumenta,

40 3229 214 3286 ammoneris
232 3232 354 3286 officium
372 3247 404 3286 co
425 3247 490 3300 agae
507 3232 547 3286 tui
563 3231 731 3286 indemnitati
745 3246 824 3298 prae·
892 3237 1007 3283 ustenus
1031 3230 1106 3283 iuxta
1129 3230 1241 3283 sormam
1263 3230 1484 3284 constitutionum
1506 3236 1597 3299 partes
1621 3244 1685 3284 suas

40 3298 127 3375 11111111
142 3300 229 3356 idonei
247 3301 359 3353 fuerunt
380 3306 540 3368 postesque,
564 3300 627 3354 1111111
648 3315 704 3353 non
727 3313 823 3351 conre-
874 3247 972 3351 gebest
988 3297 1128 3352 moderari.
1165 3296 1221 3351 PP.
1246 3311 1288 3350 rii
1304 3295 1330 3350 lc.
1352 3296 1408 3353 Oct.
1427 3297 1479 3353 Pio
1501 3305 1529 3353 et
1545 3296 1684 3353 Pontiano

39 3372 136 3433 uantur,
160 3368 249 3423 minus
276 3367 365 3421 idonei
387 3368 475 3422 effecti
500 3372 575 3434 sunt,
601 3367 695 3421 sitium
721 3365 825 3420 alienae
875 3382 962 3419 corus.
1571 3370 1604 3430 [a.
1624 3370 1684 3429 tbi]

39 3434 170 3490 minam
185 3435 220 3491 sd
238 3435 280 3491 dis
300 3435 406 3490 andium
427 3441 502 3489 tuum
520 3436 654 3504 pertinere
670 3434 737 3488 iuris
753 3435 823 3487 ratio
908 3433 926 3490 5
948 3431 988 3485 Irn
1005 3450 1035 3503 p.
1055 3432 1245 3486 Diocletianus
1261 3440 1287 3485 et
1304 3430 1494 3487 Maximianus
1510 3435 1566 3487 AA.
1590 3439 1618 3488 et
1635 3431 1683 3488 CC.

39 3514 79 3553 uon
99 3504 202 3571 pab'tun
248 3502 306 3558 Ρ.
330 3517 361 3557 ri
379 3504 415 3557 ici.
435 3502 502 3557 Mai.
529 3502 670 3557 Gordiano
692 3505 724 3556 A.
749 3516 777 3555 rr
798 3509 825 3556 et
874 3501 977 3554 Artemi
997 3517 1055 3554 oro.
1082 3500 1160 3554 Licet
1172 3499 1299 3555 adsersus
1312 3500 1423 3554 herodes
1433 3502 1454 3534 ¹⁷
1468 3501 1502 3556 ob
1518 3516 1571 3554 non
1584 3500 1685 3555 iactum

37 3564 181 3640 Pompeiano
198 3588 288 3627 conss.
711 3575 744 3634 [a.
764 3573 823 3632 211)
873 3568 1050 3623 inventarium
1067 3567 1252 3620 iusiurandum
1274 3568 1302 3620 iu
1320 3568 1426 3621 actious
1443 3568 1545 3622 tutelae
1563 3574 1684 3637 praeter·

62 3633 196 3711 llmppp.
223 3638 313 3694 Ceras
337 3638 453 3693 0111111111
475 3646 503 3693 et
525 3638 824 3693 Nemausense*
873 3637 942 3689 mitti
960 3636 1104 3704 placuerit,
1127 3635 1241 3689 iudicem
1258 3640 1349 3689 tamen
1367 3636 1439 3690 uelut
1456 3651 1488 3689 ex
1506 3635 1568 3691 dolo
1585 3636 1683 3690 tutoris

37 3699 188 3775 liinipenia.
224 3708 255 3762 si
279 3706 373 3762 divisio
396 3705 635 3762 admhmtmtionii
659 3706 728 3759 inter
751 3710 822 3758 tuto·
874 3704 933 3759 aliis
954 3703 1059 3758 iudiciis
1081 3704 1242 3756 instructum
1264 3703 1392 3757 adversus
1415 3718 1462 3766 eos
1486 3703 1556 3757 ferre
1576 3710 1683 3758 senten·

37 3785 69 3823 res
83 3774 131 3827 sire
146 3781 286 3830 mmtores
303 3775 332 3828 in
350 3774 442 3829 eodem
459 3775 520 3829 loco
538 3788 586 3829 seu
602 3773 742 3842 provincia
759 3788 823 3827 con·
874 3773 939 3826 bam
965 3772 1097 3826 convenit.
1142 3771 1170 3825 S.
1199 3785 1255 3824 riu
1285 3770 1311 3825 lt.
1340 3770 1401 3824 lan.
1432 3770 1607 3826 Nicomediae
1636 3770 1683 3826 CC.

37 3838 123 3894 sitini
138 3843 253 3897 necdum
271 3842 337 3907 tuit,
361 3842 496 3896 licentiam
519 3842 602 3896 habet
621 3841 778 3897 adulescens
797 3847 824 3893 et
874 3856 961 3895 conss.
1570 3844 1605 3903 [a.
1624 3843 1684 3904 191]

36 3920 102 3981 muni
119 3923 207 3963 corum
225 3910 324 3978 eligere
347 3913 375 3964 et
391 3915 477 3965 totum
495 3909 615 3965 debitum
632 3909 746 3977 exigere,
765 3923 823 3962 ees-

36 3988 94 4029 uone
113 3978 232 4033 udencet
255 3979 289 4032 ab
312 3992 345 4032 eo
366 3977 495 4033 adversus
523 3981 627 4032 ceteros
649 3982 752 4031 tutores
775 3991 824 4030 seu

39 4045 55 4117 1,
68 4052 193 4120 cumwres
210 4046 349 4100 acbonuni
367 4045 392 4099 ei
410 4045 616 4115 competentium
631 4044 763 4099 facienda.
791 4045 824 4098 In
1219 4045 1339 4106 L1111.¹⁰

37 4105 166 4167 lunonem
195 4122 288 4168 antem
317 4113 546 4168 administratione
576 4113 693 4167 deducta
724 4113 779 4166 sire
807 4126 824 4164 a
1017 4117 1018 4120 ’

36 4179 136 4241 bramis
160 4181 215 4236 sire
240 4197 259 4235 a
285 4182 422 4236 batatoria
446 4183 584 4237 voluntate
611 4195 824 4248 unumquemque
1052 4146 1099 4197 DE
1115 4145 1314 4197 nanninus
1332 4144 1501 4256 WORUM'
1614 4243 1621 4256 ,

36 4257 75 4324 pro
87 4262 131 4301 rua
147 4249 378 4305 administmtiono
395 4250 535 4304 conuenire
553 4252 654 4317 potest,
673 4248 824 4330 periculum
910 4244 923 4302 1
957 4243 1044 4318 impp.
1073 4244 1190 4301 Serena
1221 4250 1250 4300 et
1273 4247 1429 4300 Antoninus
1454 4245 1510 4298 AA.
1538 4242 1684 4299 linsamo.

35 4326 125 4369 1111111111
142 4318 276 4372 tutoribus
294 4332 342 4372 sen
361 4317 530 4376 curatoribus
548 4333 603 4371 non
620 4315 823 4379 snshnentibns,
874 4314 993 4368 Heredes
1020 4314 1118 4368 tutoris
1143 4314 1178 4368 ob
1205 4313 1410 4381 neglegentiam,
1437 4327 1507 4380 quae
1533 4327 1587 4366 non
1614 4312 1684 4367 latae

35 4378 75 4433 bili
94 4397 138 4450 per
161 4385 252 4441 dolum
279 4389 328 4440 aut
354 4385 460 4454 culpam
482 4392 638 4455 suspectum
661 4399 715 4438 non
736 4399 823 4437 remo·
874 4383 969 4450 culpae
987 4382 1138 4449 comparari
1155 4381 1249 4450 possit,
1269 4380 1439 4435 condemnari
1457 4396 1510 4434 non
1529 4384 1643 4448 oportet,
1661 4380 1684 4433 si

36 4456 112 4503 rerunt
127 4453 167 4506 rel
182 4454 261 4508 tarde
278 4470 310 4508 su
344 4452 440 4508 icionis
453 4453 584 4508 radonem
597 4458 743 4519 mouerunt,
762 4466 824 4506 cuin
875 4467 926 4503 non
946 4454 1040 4503 contra
1057 4453 1173 4503 tutorem
1191 4449 1223 4502 lis
1236 4448 1364 4503 inchoata
1377 4452 1419 4502 est
1432 4463 1518 4515 nsque
1534 4463 1568 4501 ex
1586 4447 1683 4501 dainno

36 4514 89 4593 tlltr
108 4534 197 4575 eorum
220 4536 276 4577 nou
298 4520 423 4576 serendo
442 4521 553 4603 effectus
571 4522 614 4587 sit,
632 4521 675 4600 rel
691 4518 823 4600 suspicio·
873 4534 909 4585 pu
930 4517 968 4569 illi
990 4517 1095 4595 lacrum
1118 4523 1255 4637 captatum
1278 4522 1327 4570 aut
1343 4515 1445 4585 gratim
1462 4515 1621 4584 praestitum
1638 4516 1682 4569 sit.

36 4587 823 4737 11111111111111111111111111111
873 4585 901 4638 Ρ
908 4627 930 4707 2·
952 4582 1683 4723 ntiinanteutlttttttrntlil

35 4722 47 4794 i
74 4736 143 4776 sunm
160 4741 213 4779 non
231 4725 431 4779 administrasse
449 4725 594 4806 pupillares
611 4738 664 4778 res.
695 4723 744 4776 Sin
760 4738 823 4777 vero
873 4719 955 4774 Pater
971 4724 1058 4773 resur
1080 4723 1154 4773 tutor
1176 4720 1216 4773 rel
1241 4726 1350 4773 curator
1371 4719 1450 4772 datus
1474 4719 1497 4772 si
1519 4734 1547 4773 se
1565 4732 1619 4772 non
1636 4732 1683 4771 eir-

35 4787 89 4851 ¹l⁸i‘
111 4790 176 4846 inter
197 4808 228 4848 se
250 4807 295 4847 res
321 4792 558 4847 administrationis
583 4791 743 4856 diuiserunt,
769 4805 824 4843 non
875 4788 991 4851 cesant,
1018 4802 1072 4840 non
1099 4786 1159 4842 ideo
1183 4802 1230 4840 ros
1253 4788 1340 4840 minus
1362 4785 1474 4839 heredes
1501 4787 1558 4839 eius
1584 4783 1684 4838 tutelae

35 4854 171 4918 lmhibctnr
195 4861 353 4915 adulescens
380 4867 408 4915 ot
429 4877 512 4915 unuin
539 4875 572 4915 ex
594 4860 636 4914 his
659 4860 687 4914 in
711 4859 824 4912 solidum
874 4858 915 4911 rel
932 4854 991 4910 utili
1008 4854 1106 4908 iudicio
1125 4855 1260 4909 conveniri
1278 4854 1399 4935 potestis,
1418 4852 1490 4933 quod
1505 4852 1596 4906 cum¹⁹
1613 4858 1683 4932 tute·

36 4927 163 4990 consume,
181 4928 220 4982 ita
234 4929 408 4995 abactionem
444 4944 493 4983 uas
509 4927 635 4983 aduersus
651 4926 719 4980 alios
733 4928 823 4991 habet,
873 4924 927 4978 lain
944 4939 992 4977 seu
1011 4937 1103 4975 curum
1121 4939 1174 4975 non
1188 4923 1388 4977 administrasse
1403 4920 1503 4973 dicitis:
1524 4935 1584 4973 uam
1602 4924 1683 4973 etiam

36 4988 63 5040 ad
76 4992 180 5049 electum
196 4997 351 5051 transierat.
387 4996 414 5049 P
438 5039 443 5050 .
464 4996 594 5051 Hemesae
612 4997 669 5050 sul
690 4994 716 5048 lc.
735 4994 823 5065 April.
878 4997 887 5045 1
917 4989 1074 5046 cessationis
1084 4991 1152 5044 ratio
1162 4990 1297 5043 reddenda
1305 4996 1354 5043 est.
1381 4988 1461 5041 Prius
1474 4991 1683 5068 tamenproptsr

37 5054 120 5115 imno
137 5072 204 5118 iret
223 5065 390 5119 Numeriano
407 5065 464 5119 AA.
484 5080 571 5118 conss.
710 5068 744 5126 [a.
764 5066 822 5126 aar]
873 5065 964 5114 actum
987 5074 1065 5112 suum
1088 5073 1135 5112 eos
1157 5056 1350 5112 conveniendos
1374 5070 1433 5109 esse
1451 5055 1496 5122 qni
1513 5054 1683 5109 administra·

62 5122 175 5205 3'Inpp.
193 5130 383 5186 Diocletianus
398 5140 427 5187 et
441 5131 631 5187 Maximianus
649 5130 704 5184 AA.
729 5136 757 5184 et
775 5129 822 5183 CC.
873 5128 960 5182 rerint
982 5140 1063 5195 saepe
1084 5126 1243 5248 rescrfftum
1264 5130 1313 5179 est.
1348 5122 1406 5178 PP.
1425 5136 1460 5176 a!
1481 5121 1507 5176 lc.
1525 5120 1609 5176 Mart.
1628 5123 1684 5174 An·

38 5188 124 5250 Zotrco.
159 5198 237 5255 Licet
264 5204 383 5255 tutorum
407 5200 581 5255 conventione
606 5202 727 5253 mutuum
752 5196 824 5266 pori·
876 5196 970 5250 tonino
988 5195 1019 5247 A.
1039 5207 1094 5247 1111
1110 5200 1138 5248 et
1182 5194 1274 5247 aldina
1292 5207 1379 5247 conss
1566 5194 1601 5254 [a.
1622 5191 1683 5252 213]

39 5305 692 5324 Ἢῃ-ῡ-ω-...ωφ-κ--ι
744 5312 835 5318 --—-—
845 5312 906 5319 *-
1105 5308 1215 5315 ——-·--—

36 5361 206 5435 (litfimVC,
224 5371 305 5423 onaP
352 5370 558 5435 (lleal.,orn.
573 5372 598 5423 V
646 5371 679 5434 (1)
688 5368 763 5419 Sirmi
775 5369 822 5420 del.
873 5368 919 5433 (11)
937 5367 988 5418 tun
1005 5368 1030 5419 R
1050 5365 1165 5429 Consilia,
1188 5365 1245 5428 quis
1269 5364 1316 5415 VC
1395 5363 1441 5426 (lt)
1460 5359 1551 5426 perlati
1578 5360 1685 5440 Censuit.

36 5432 63 5493 (1)
75 5436 107 5486 sic
128 5437 210 5503 VP'G,
227 5455 273 5505 pro
290 5454 336 5489 sna
352 5439 512 5506 simplicitate
529 5438 562 5490 Ρ
628 5442 662 5503 to)
679 5438 756 5502 impp.
775 5436 822 5485 Ca·
874 5440 919 5497 (15)
937 5438 961 5485 k.
984 5436 1090 5487 Consule.
1110 5434 1180 5498 Hal,
1198 5448 1217 5481 x
1234 5432 1258 5481 li.
1285 5432 1309 5481 V
1381 5430 1426 5492 lie)
1444 5432 1480 5480 sie
1503 5429 1532 5493 V,
1549 5428 1620 5478 robis
1638 5445 1683 5478 ina.

36 5498 429 5560 numerosissimarum.
481 5510 515 5571 (11)
526 5506 588 5572 ipsis
607 5507 641 5556 V⁰
693 5510 726 5570 (1)
741 5520 779 5553 xr·
794 5504 823 5567 V,
876 5505 945 5555 Puri
979 5504 1024 5566 (11)
1041 5502 1144 5552 heredes
1159 5503 1224 5563 dete,
1243 5498 1332 5549 herede
1347 5498 1387 5549 vel
1400 5496 1505 5549 herodes
1527 5497 1638 5564 (suelrn)
1654 5495 1683 5558 V,

35 5579 66 5613 m
83 5570 138 5623 Hal.
192 5577 228 5640 (a)
245 5576 272 5627 Β
289 5578 331 5641 38,
348 5588 373 5629 rs
392 5605 425 5613 —
444 5577 482 5655 Cf.
500 5576 561 5643 Dis.
582 5576 652 5637 tas
713 5571 824 5636 (1)(1111)
874 5571 989 5623 heredem
1010 5571 1055 5622 011
1101 5569 1147 5633 tis)
1166 5568 1358 5635 Beer-”Cn
1368 5566 1513 5635 Diales
1562 5565 1607 5631 (rr)
1627 5577 1683 5614 eura

38 5632 73 5683 iti
90 5637 214 5695 Mammas
281 5646 328 5709 (111)
350 5644 509 5696 ocurincitur
530 5645 586 5696 dett.
606 5660 657 5694 curn
675 5643 729 5694 ΒΣ
741 5641 824 5707 (aar.)
875 5642 939 5707 dett,
957 5654 1010 5692 earn
1035 5638 1104 5692 Vtut

39 5706 72 5765 (Η)
84 5726 116 5753 ·-·-·
132 5709 277 5766 Cmiubarb
294 5714 350 5777 as
419 5713 464 5781 (tt)
481 5711 558 5764 militi
578 5711 692 5778 Censuit,
712 5729 756 5762 oni.
768 5710 826 5763 libri
