3816 6192
54 269 92 316 ns
108 266 291 317 semmae
310 266 348 316 m
367 265 474 315 mus
829 245 890 334 etl
1509 253 1573 319 xil
1597 256 1645 320 11.
1667 258 1709 320 111

51 434 156 489 dmtium
173 449 287 516 aequum
299 434 445 489 etinctum
459 433 565 488 initium
582 432 674 487 futuro
692 436 848 502 praestent¹
897 434 1004 488 troduci
1019 439 1153 490 retamum
1173 434 1269 490 ceteris
1287 435 1391 490 scilicet
1404 435 1548 491 anterioris
1562 437 1710 492 sanctionis

53 509 61 558 1
94 504 237 557 enemim
278 502 318 556 Et
344 503 471 572 quoniam
496 501 695 569 probatioribus
721 501 848 569 exemplis
899 502 1026 570 capitulis
1042 503 1071 557 in
1087 519 1137 558 suo
1154 505 1252 559 robore
1268 504 1459 571 permansuris.
1594 508 1709 571 [1,111)

50 586 121 639 qoam
136 570 276 625 indecorae
295 570 481 624 consuetudini
499 569 594 622 deceat
611 569 756 636 indulgeri,
766 570 848 638 quod

48 640 74 692 in
87 639 204 692 aninam
223 638 323 693 scrinio
346 638 576 692 devotissimorum
599 636 775 691 hhellensium
793 638 847 692 eri·

49 708 110 760 cisse
131 710 307 770 monamamr,
330 706 358 759 id
380 706 408 758 in
425 705 562 760 adiutores
585 719 680 759 merae
696 705 847 772 memoriae
1257 711 1346 772 ΧΗ

47 788 173 828 surarum
187 774 269 827 1111111
280 773 455 842 epistularum
468 772 684 827 transierendum
699 788 847 839 censemus,
1075 809 1122 859 DE
1139 810 1334 860 AGENTIBUS
1353 811 1391 861 IN
1408 810 1518 862 mus

47 847 80 906 nt,
96 841 139 909 qni
151 841 264 894 libemus
275 841 464 909 proficiscendi
477 841 613 895 licentiam
627 840 847 910 pronuntiatione
1520 848 1527 862 ⁶

48 914 200 963 commeatm
209 908 312 977 indepti
325 908 434 975 fuerint,
453 908 639 977 dneqoahbet
653 908 846 976 stipendiorum
932 907 946 965 1
972 906 1102 980 ¹¹Imppp.
1112 908 1249 963 Arcadias
1258 908 1402 965 Honorias
1412 919 1440 966 et
1450 909 1617 966 1111111οεί111
1625 911 1707 966 AAA.

47 986 89 1029 aut
103 978 338 1030 emolumentorum
355 976 515 1031 deductione
536 990 648 1057 peregre
666 976 773 1044 degant,
791 980 845 1030 ete·
896 974 1039 1031 Anthemio
1063 978 1196 1047 magistro
1219 978 1384 1047 affluerem.
1429 979 1527 1033 Nullus
1555 979 1586 1033 de
1614 980 1708 1034 schola

47 1044 110 1098 nim²
125 1060 173 1111 pro
190 1054 311 1112 tempore
327 1044 391 1107 ,viris
409 1044 563 1099 clarissimis
588 1044 715 1112 proximis
737 1053 765 1098 et
781 1044 845 1099 mel·
896 1045 1030 1111 agentium
1052 1044 1079 1097 in
1103 1044 1183 1098 rebus
1206 1044 1239 1098 de
1262 1049 1352 1100 cetero
1369 1047 1459 1101 locum
1479 1048 1578 1100 mortui
1596 1054 1709 1101 conetur

47 1112 190 1166 loroximis
214 1116 264 1164 aut
290 1127 381 1164 eoram
404 1111 571 1167 adiutoribus
598 1112 738 1166 absentiae
764 1127 847 1166 causa
896 1112 1032 1176 invadere,
1051 1112 1099 1166 aed
1116 1112 1154 1176 is,
1173 1113 1218 1180 qui
1231 1112 1322 1166 ordine
1335 1114 1529 1182 stipendiorum
1541 1120 1569 1168 et
1586 1115 1707 1170 laborum

46 1128 189 1233 1111111111
204 1180 238 1232 de
252 1195 302 1234 suo
320 1180 430 1248 proprio
444 1186 493 1234 aut
506 1195 540 1233 ex
555 1181 669 1234 annonis
683 1184 731 1233 aut
745 1181 845 1248 stipen-
896 1179 992 1234 meritc
1011 1179 1046 1233 ad
1068 1180 1179 1248 gradum
1197 1180 1308 1234 militiae
1325 1185 1496 1250 sequebatur,
1520 1182 1610 1237 statim
1628 1187 1710 1250 atque

46 1247 90 1301 diis
106 1248 246 1325 quicquam
263 1247 412 1315 relinquere
431 1247 846 1316 cogendi,quamsis1anuarias
896 1248 972 1301 illum
995 1247 1053 1301 iata
1075 1247 1254 1302 subduxerint
1270 1248 1297 1301 in
1320 1249 1377 1303 eius
1399 1251 1518 1319 praemia
1554 1250 1708 1318 arcipienda

46 1314 164 1367 mundas
176 1314 309 1368 mdultum
325 1314 437 1369 excedat
451 1316 567 1383 spatium
583 1321 611 1369 ct
624 1315 735 1369 intrasc
748 1315 846 1370 festum
897 1316 1026 1369 succedat
1051 1315 1124 1370 omni
1150 1314 1306 1382 obreptione
1338 1323 1469 1372 cessante.
1547 1360 1552 1370 .
1578 1319 1655 1395 prid.
1679 1317 1706 1375 li.

46 1387 59 1435 t
88 1382 172 1436 diem³
197 1384 343 1437 mannent.
393 1383 436 1437 Ad
460 1383 528 1437 haec
555 1382 621 1436 illud
648 1384 846 1437 observandum
897 1381 949 1437 lul.
970 1382 1207 1454 constantinopoli
1230 1381 1358 1438 Honorio
1382 1390 1413 1439 A.
1437 1400 1467 1439 rr
1488 1393 1515 1440 st
1536 1387 1706 1440 Aristocrito

45 1450 183 1513 1111111111,
210 1465 245 1504 ne
270 1452 340 1505 alius
365 1450 474 1506 adiutor
498 1451 626 1520 propter⁴
652 1466 846 1519 quamcumque
896 1466 984 1505 acius.
1592 1458 1705 1518 (11.1(11)

45 1518 206 1572 sumnonem
220 1518 272 1581 his,
306 1519 334 1571 ui
347 1519 376 1572 in
389 1520 606 1586 praesentisunt,
621 1519 664 1573 uel
678 1526 740 1587 post
753 1534 846 1574 eorum
931 1516 950 1575 2
980 1517 1078 1573 ¹³Idein
1104 1518 1210 1572 Aine
1237 1518 1349 1573 Helioni
1379 1522 1511 1592 magistro
1538 1521 1705 1592 officioram.

45 1585 239 1640 deminutionem
256 1535 381 1651 addatur,
398 1587 462 1644 licet
477 1587 506 1641 in
519 1593 633 1642 veteram
650 1602 789 1641 numerum
803 1602 845 1641 re·
896 1586 970 1641 Nulli
988 1588 1100 1655 posthac
1115 1586 1173 1639 sine
1188 1591 1297 1641 nostrae
1312 1588 1459 1643 maiestatis
1473 1590 1635 1643 auctoritate
1653 1588 1708 1642 dis·

48 1653 111 1707 dicti
126 1653 236 1708 luerim.
897 1654 1017 1722 cingendi
1044 1660 1167 1721 agentem
1191 1655 1220 1707 in
1246 1656 1341 1721 rebus,
1367 1658 1435 1709 nulli
1462 1656 1594 1711 eximendi
1617 1661 1709 1725 pateat

76 1720 110 1777 15
133 1720 206 1793 ‘Imp
229 1764 235 1775 .
261 1720 384 1777 lustinus
405 1728 432 1777 et
455 1720 625 1776 lastinianus
647 1723 703 1776 AA.
729 1721 845 1777 Tatiano
896 1723 987 1790 copia:
1010 1737 1072 1776 nam
1095 1722 1212 1790 probata
1230 1723 1324 1777 schola
1341 1729 1368 1775 et
1390 1724 1647 1779 animadversionem
1664 1740 1708 1778 ve·

46 1790 165 1859 aogubo
181 1739 347 1859 officioram.
382 1791 479 1845 Certae
494 1791 600 1858 quidem
613 1793 678 1844 sunt
693 1789 845 1871 dispositio·
895 1790 1062 1912 Ἓίιιᾱίοίε
1079 1790 1224 1867 nonullam
1243 1790 1708 1870 debettimerscontumeliamiili·

47 1871 87 1909 nes
102 1857 184 1911 noemi
201 1858 328 1920 nnmims
347 1873 414 1927 quas
432 1872 515 1925 snper
530 1858 699 1912 adiutoribus
716 1874 766 1911 uri
782 1858 844 1913 illu·
895 1864 925 1911 ta
961 1900 968 1911 .
1009 1857 1105 1912 11111
1125 1857 1161 1910 id.
1186 1857 1255 1912 llos.
1281 1857 1519 1931 Constantinopoli
1542 1860 1670 1914 Honorio
1689 1875 1710 1914 x

48 1925 100 1977 stris
116 1939 164 1992 pro
181 1928 305 1994 tempore
330 1927 480 1994 quaestoris
498 1926 583 1979 nostri
605 1925 713 1993 palatii,
750 1940 845 1980 uorum
895 1934 923 1980 et
941 1924 1092 1980 Theodosio
1117 1939 1147 1978 nr
1162 1926 1219 1978 ΛΑ.
1238 1941 1325 1979 conss.
1593 1932 1627 1992 [a.
1645 1933 1707 1993 415]

50 1996 60 2042 1
82 1992 203 2061 obsequio
218 2008 264 2047 res
276 1994 366 2061 agitur
379 1994 542 2074 quaestoria,
560 1994 703 2047 dedimus⁰.
726 1942 845 2072 {uarum
931 1990 1034 2065 3Iinp.
1045 1991 1276 2072 montariolo
1286 1994 1419 2064 1111911110
1429 1994 1594 2065 officiorum.
1612 1995 1708 2049 Matri·

51 2060 119 2125 prima
132 2060 286 2128 quidemad
300 2062 523 2129 supplicationem
538 2061 683 2115 eorundem
692 2061 845 2116 adiuturum
896 2062 984 2115 culam
1001 2068 1126 2129 agentum
1143 2075 1171 2114 m
1189 2061 1269 2114 rebus
1283 2076 1300 2113 a
1317 2066 1365 2115 tna
1382 2062 1539 2116 celsitudine
1558 2063 1708 2117 confectam

54 2127 130 2181 maii
146 2130 279 2182 numero⁷
296 2144 398 2195 eorum,
416 2130 557 2199 quierant
575 2129 621 2183 illo
638 2133 773 2211 tempore,
792 2144 845 2198 quo
896 2129 1066 2183 admittentes
1090 2129 1225 2193 iubemus,
1249 2144 1282 2183 ne
1301 2129 1437 2184 ducenarii
1458 2131 1623 2199 plus—quam
1641 2146 1707 2199 qna-

53 2208 126 2261 preces
143 2196 224 2250 nohis
242 2197 407 2261 obtulerunt,
425 2212 511 2266 neque
528 2196 644 2265 aliquem
661 2212 741 2251 axum
759 2213 845 2266 neque
896 2197 1018 2264 draginta
1036 2202 1097 2251 octo
1114 2197 1142 2249 ln
1161 2196 1274 2276 cingulis
1298 2197 1450 2251 habeantur
1464 2197 1494 2250 iu
1511 2205 1661 2264 posterum:
1680 2206 1708 2252 et
1802 2198 1805 2203 '

51 2262 146 2329 aliquem
163 2264 230 2318 addi
267 2266 399 2333 succepit,
423 2265 652 2333 praeterquamsi
676 2265 735 2332 quis
753 2281 845 2320 eoram
895 2280 1035 2319 normarum
1060 2268 1273 2319 centenariorum
1297 2264 1405 2319 ducenti
1422 2265 1485 2329 siri,
1509 2281 1576 2334 quos
1594 2274 1708 2320 vocante

49 2331 80 2408 rel
94 2330 125 2384 ad
140 2280 329 2387 latercnfensis
346 2332 458 2401 gradum
472 2334 501 2386 ln
517 2332 617 2387 somnio
634 2348 729 2387 sacrae
746 2348 844 2387 memo·
895 2338 1015 2402 tempore
1027 2331 1127 2399 gradm
1137 2336 1319 2400 competentes
1331 2333 1493 2399 admiserint,
1507 2335 1618 2402 parique
1628 2334 1706 2388 modo

47 2399 198 2452 mavelim
216 2401 363 2454 secundom
378 2402 467 2455 locum
483 2402 512 2455 in
530 2401 635 2455 duobus
652 2401 713 2454 aliis
731 2401 844 2465 scriniis,
895 2401 1067 2455 biarchorum
1084 2415 1180 2454 nornen
1199 2399 1374 2468 meritumque
1391 2400 1501 2454 ducenti
1514 2402 1707 2470 quinquaginta

46 2464 68 2516 iil
83 2471 120 2519 eit
135 2482 276 2522 sacmrum
290 2468 467 2537 epistularum
484 2483 677 2536 sacrorumque
694 2469 844 2523 libellorum
895 2469 943 2523 viri
961 2468 1108 2533 dumtaxat,
1127 2474 1267 2536 praeterea
1285 2468 1439 2522 circitorum
1456 2468 1571 2522 trecenti
1588 2476 1616 2522 et
1633 2471 1706 2538 eqni-

45 2536 69 2584 et
83 2536 266 2604 cognitionum,
284 2542 427 2604 provectus
445 2536 539 2590 luerit:
559 2551 621 2590 uam
638 2537 681 2590 his
699 2536 780 2590 heere
798 2536 843 2590 de-
897 2542 908 2590 1
945 2540 1001 2589 tum
1020 2535 1205 2603 quadringenti
1223 2536 1417 2604 quinquaginta
1439 2535 1577 2603 impleant.
1613 2536 1654 2590 Sit
1677 2537 1706 2590 in

45 2601 189 2657 sistentibus
213 2604 248 2656 ab
278 2604 408 2658 adiutoria
434 2603 525 2658 allicio
552 2604 619 2658 alios
645 2620 694 2672 pro
721 2619 751 2658 se
776 2619 844 2671 quos
895 2609 1032 2658 aeternum
1056 2603 1103 2656 illa
1124 2618 1231 2671 quoquc
1253 2604 1308 2656 lixa
1326 2604 1483 2671 stabilisque
1507 2610 1570 2657 tuae
1588 2605 1706 2658 sublimi-

44 2668 163 2723 ioluerint
181 2672 317 2725 adiutores
341 2673 487 2739 subrogare
510 2671 631 2725 ultimum
656 2672 745 2726 locum
762 2673 790 2724 in
808 2673 844 2725 is·
894 2672 958 2726 tatia
976 2671 1123 2738 dispositio,
1141 2677 1180 2734 nt,
1200 2671 1223 2724 si
1241 2672 1300 2737 quis
1315 2670 1473 2725 desumere
1492 2671 1706 2740 ducenariorum,

44 2734 95 2788 dein
110 2738 280 2792 amatoribus
299 2739 465 2801 obtenturos,
483 2739 547 2794 licet
564 2739 729 2808 superiorem
744 2740 773 2793 iu
790 2755 844 2793 me·
895 2756 961 2809 qnos
997 2738 1226 2806 uahagintaocto
1242 2739 1385 2806 quotannis
1400 2754 1459 2793 esse
1474 2740 1635 2805 censuimus,
1650 2742 1706 2794 tor-

45 2810 58 2853 1
87 2806 240 2878 modalibus
269 2806 393 2860 habeant
437 2809 551 2861 Altera·
574 2822 637 2861 iero
664 2823 713 2876 per
739 2822 845 2861 sacram
894 2809 965 2862 sitan
979 2756 1016 2860 11
1032 2807 1093 2860 luco
1110 2806 1268 2873 migraverit,
1286 2807 1411 2860 laborum
1429 2808 1486 2861 eius
1509 2807 1627 2861 fructum
1645 2824 1705 2862 suc·

60 2875 225 2939 matieam
242 2873 317 2928 iacta
332 2879 381 2941 est,
399 2890 449 2943 per
463 2891 543 2942 quain
560 2875 683 2929 excelsae
700 2876 844 2930 memoriae
895 2889 1015 2929 cessores
1041 2874 1076 2928 ab
1100 2874 1229 2928 intestato
1255 2874 1297 2928 rcl
1324 2889 1357 2928 ex
1383 2880 1544 2928 testammto
1571 2875 1706 2930 venientes

103 2940 147 2995 ulo
172 2942 250 2997 riro⁹
275 2947 435 3010 suggerente
454 2942 641 3011 praecepimus
671 2943 733 2996 illos
765 2944 844 2997 etiarn
893 2943 978 2996 luctui
988 2944 1009 2977 ¹⁵
1034 2941 1205 3010 dispensent,
1228 2946 1266 3007 ,et
1292 2942 1331 2995 ita
1356 2942 1479 2995 omnihus
1504 2942 1576 2996 inter
1601 2948 1706 2997 ceteros

43 3005 166 3063 adiutores
184 3010 310 3078 possein
328 3026 406 3064 suum
423 3011 541 3065 locum¹⁰
558 3010 625 3064 alios
643 3010 778 3073 inducere,
797 3012 843 3077 qni
894 3009 1052 3079 superstites
1070 3009 1208 3079 potiantur
1226 3010 1342 3075 solaciis,
1364 3015 1500 3077 tamquam
1518 3010 1541 3064 si
1559 3011 1642 3070 vinus.
1660 3012 1707 3079 qui

43 3087 83 3140 per
102 3077 216 3145 aliquem
239 3077 380 3131 fortuitum
406 3093 498 3132 casnm
521 3078 608 3132 minus
632 3077 743 3146 implere
766 3094 844 3132 suum
894 3079 961 3132 haec
979 3077 1071 3131 eedem
1088 3077 1135 3130 diu
1151 3084 1313 3146 speraverat,
1332 3077 1438 3131 sibimet
1454 3077 1630 3132 vindicasset:
1653 3093 1706 3146 qua

42 3140 276 3208 olidumssleant
294 3146 377 3199 veluti
394 3146 498 3200 senium
512 3147 554 3199 rel
570 3146 692 3199 morbum
708 3146 749 3200 vel
763 3146 845 3200 aliam
894 3147 927 3201 de
944 3160 1027 3199 causa
1050 3146 1139 3199 locum
1156 3146 1236 3199 etiam
1259 3145 1317 3200 eius
1339 3160 1525 3200 successorum
1542 3145 1642 3199 intuitu
1659 3162 1705 3200 va·

42 3212 211 3266 necessarium
235 3227 360 3266 causam:
388 3214 459 3281 quod
485 3228 519 3267 ex
545 3214 666 3281 ipsorum
692 3214 844 3269 adiutorem
895 3219 909 3266 1
945 3229 1007 3267 care
1025 3214 1173 3268 conveniet.
1213 3213 1298 3268 Nemo
1322 3219 1411 3267 autem
1429 3213 1488 3267 sine
1510 3214 1590 3267 divali
1607 3214 1705 3282 proba·

41 3278 160 3341 petitione
176 3280 246 3334 idem
263 3280 421 3347 magnificae
434 3281 577 3335 memoriae
595 3281 724 3335 Procmua
743 3281 777 3336 sd
794 3297 844 3336 nos
894 3282 972 3343 toria,
1010 3297 1072 3335 nam
1088 3281 1194 3335 codices
1208 3281 1236 3335 in
1250 3296 1328 3335 sacro
1342 3281 1548 3335 nosucscrinio
1563 3282 1706 3336 maneriae

42 3348 55 3394 3
85 3347 193 3402 rettulit.
228 3347 326 3402 Sedis
344 3350 492 3416 praesenti,
516 3350 551 3403 ab
568 3348 628 3402 aliis
644 3349 844 3404 memorialibus
930 3350 975 3403 siti
991 3296 1108 3404 11111111
1124 3349 1292 3403 mactandam
1309 3349 1440 3417 accipere,
1458 3349 1617 3404 militaribus
1634 3350 1705 3403 eius-

41 3414 89 3465 11111
102 3414 131 3468 in
143 3416 242 3469 scrimo
257 3430 352 3470 sacrae
369 3417 512 3470 mamonae
529 3432 609 3486 quam
621 3416 650 3470 in
665 3418 762 3471 ceteris
777 3417 843 3471 duo·
912 3433 953 3471 cnr
979 3417 1166 3471 devotissimae
1192 3417 1301 3472 scholae
1327 3416 1467 3486 stipendiis
1494 3417 1535 3471 vel
1561 3417 1706 3484 privilegiis

41 3478 86 3533 bus
107 3497 245 3537 sacrarum
270 3484 447 3552 epistularum
472 3499 664 3553 sacrorumque
692 3485 846 3540 libellorum
893 3486 1021 3554 potiatur.

41 3552 65 3598 tt
80 3551 256 3618 cognitionum
278 3552 370 3605 relatis
393 3551 460 3605 aditi
484 3552 662 3633 comperimus
683 3552 842 3607 deminutio·
929 3552 1043 3608 tinini
1061 3554 1092 3607 ,1.
1112 3551 1235 3606 Patricio
1253 3553 1386 3624 magistro
1405 3553 1571 3622 officiorum.
1603 3552 1647 3605 Ex
1665 3567 1706 3619 eo,

41 3628 94 3668 nem
109 3619 253 3672 eorundem
277 3619 430 3674 adiutorem
453 3619 576 3689 impediri
597 3635 648 3688 per
668 3627 843 3674 memoratam
894 3636 946 3688 quo
970 3619 1085 3688 primurn
1108 3619 1229 3674 ducenae
1248 3619 1289 3673 vel
1313 3621 1527 3674 centenariorum
1549 3620 1661 3687 gradum
1678 3622 1707 3674 in

56 3687 221 3751 ugmaucim
240 3687 406 3741 sanctionem
421 3695 449 3742 et
467 3688 579 3756 insuper
596 3686 756 3742 venditionis
776 3704 842 3757 quo·
893 3687 986 3741 schola
1003 3692 1128 3754 agentum
1145 3687 1174 3740 in
1190 3688 1271 3740 rebus
1288 3688 1432 3740 militantes
1449 3688 1608 3753 meruerint,
1635 3689 1705 3742 desi-

71 3753 171 3808 mmodo
192 3758 331 3809 memorati
349 3754 431 3809 officii
453 3755 543 3809 locum
568 3755 751 3809 introductum
775 3770 842 3810 esse.
893 3761 959 3808 nant
976 3755 1004 3808 in
1022 3754 1205 3808 sacratissima
1218 3753 1341 3807 videlicet
1358 3754 1465 3808 civitate
1482 3756 1622 3809 constituti
1635 3756 1704 3809 alte·

41 3821 96 3883 111)
112 3820 186 3888 Quod
204 3837 238 3875 ne
255 3821 289 3876 de
307 3825 396 3876 cetero
415 3823 470 3889 liat,
489 3828 657 3892 praesentem
676 3824 843 3878 sanctionem
892 3824 949 3877 rius
966 3822 1063 3876 indicis
1081 3821 1226 3876 cuiuslibet
1242 3822 1403 3875 auctcmtate
1420 3822 1530 3889 pulsari,
1549 3823 1590 3877 iel
1606 3822 1635 3875 in
1652 3824 1706 3883 alio

39 3884 73 3965 ad
85 3894 156 3942 tuam
173 3889 381 3957 magnitudinem
398 3891 536 3955 mittimus,
555 3905 604 3960 per
622 3906 702 3959 quam
719 3891 842 3945 iubemus
892 3890 1013 3960 quolibet
1030 3890 1152 3944 examine
1166 3894 1357 4009 praeterquam
1369 3889 1418 3943 riri
1435 3889 1569 3958 magnifici
1586 3890 1706 3958 magistri

40 3951 86 4007 llhs
109 3958 291 4011 tantummodo
317 3958 476 4026 permissum
502 3974 562 4013 esse
594 3958 741 4013 secundum
766 3958 842 4027 prius
892 3958 1043 4013 ciliciorum
1061 3962 1088 4011 et
1105 3957 1150 4011 cui
1179 3957 1281 4011 orsitan
1295 3958 1353 4024 ipse
1372 3959 1535 4011 concesserit
1552 3958 1704 4012 actionibus

41 4027 140 4078 amnne
165 4024 318 4079 serenitatis
341 4027 501 4095 rescriptum
518 4027 586 4081 alios
609 4026 638 4080 in
656 4042 733 4080 suum
751 4027 841 4080 locum
892 4027 933 4081 sui
951 4027 1063 4095 quisque
1078 4024 1224 4079 adversarii
1239 4025 1411 4093 respondere.
1439 4025 1511 4094 quod
1526 4027 1705 4092 multomagis

40 4089 191 4161 subrogare,
215 4094 260 4213 qui
281 4093 323 4147 nel
345 4094 531 4150 laterculcnsis
555 4094 667 4163 gradum
689 4094 717 4148 in
741 4095 841 4148 scrinio
890 4095 919 4148 in
937 4093 1118 4148 criminalibus
1137 4093 1226 4146 causis
1244 4093 1382 4147 observari
1405 4092 1585 4146 decernimus:
1608 4094 1704 4147 absur-

40 4161 171 4214 mcmoriae
186 4176 218 4215 re
241 4160 389 4216 secondum
399 4162 487 4217 locum
502 4164 530 4216 in
545 4163 605 4217 aliis
619 4162 724 4217 duobus
734 4162 841 4216 somniis
891 4162 954 4216 dnm
972 4168 1014 4216 est
1031 4161 1109 4227 enim,
1127 4161 1203 4214 utin
1220 4160 1278 4213 eius
1292 4160 1405 4213 salutem
1422 4161 1464 4213 vel
1481 4160 1704 4214 exishmationem

40 4223 121 4307 adepti
137 4227 252 4292 inerint,
275 4230 394 4283 secunda
416 4235 510 4285 nostra
528 4231 666 4285 sanctione
689 4245 771 4298 super
789 4232 841 4284 hoc
890 4230 977 4284 valeat
994 4229 1135 4299 quisquam
1152 4228 1274 4297 prolerre
1291 4228 1465 4292 sententiam,
1484 4228 1560 4283 cuius
1579 4228 1613 4282 de
1631 4229 1705 4282 nulla

40 4297 147 4360 capitulo
165 4296 199 4351 de
216 4304 305 4351 cetero
324 4304 460 4352 cessante:
479 4298 546 4352 nulli
564 4299 652 4353 danda
669 4298 777 4351 licentia
795 4314 839 4353 eo·
893 4303 904 4352 1
941 4312 971 4352 re
987 4299 1074 4365 possit
1090 4296 1246 4366 pecuiniaria
1262 4296 1390 4349 iudicare.
1416 4296 1503 4349 Huius
1517 4304 1606 4349 autem
1624 4296 1704 4350 bene·

40 4362 140 4418 andem
162 4364 329 4430 adiutorem,
356 4371 544 4435 praeterquam
570 4366 594 4420 si
619 4367 654 4419 ad
679 4371 840 4420 memoratos
891 4365 946 4419 ficii
963 4366 1177 4433 praerogativam
1201 4363 1389 4418 11111111111111118
1412 4363 1505 4429 etiam,
1529 4364 1576 4430 qni
1593 4364 1705 4432 singulis

39 4429 127 4490 maduo
144 4431 329 4497 meanderit,
350 4433 432 4487 aliurn
449 4450 499 4502 pro
517 4449 547 4487 se
565 4433 648 4487 isdem
672 4433 840 4486 adiutoribus
891 4433 1063 4487 inveniuntur
1086 4432 1265 4500 temporibus,
1284 4431 1382 4483 deferri
1400 4430 1535 4494 iubemus,
1553 4431 1617 4484 licet
1634 4434 1705 4485 hanc

40 4508 68 4547 tx
90 4513 255 4568 quocumque
281 4501 393 4561 temnite
420 4515 486 4555 casu
513 4517 719 4567 connumerare,
752 4508 783 4553 ut
808 4514 840 4555 eo
891 4500 920 4554 in
938 4517 1030 4555 eorum
1047 4515 1164 4568 persona
1177 4515 1251 4553 mors
1266 4502 1471 4567 quoquevetere
1486 4499 1588 4553 nemori
1605 4514 1704 4566 cogno-

40 4558 109 4620 uili
125 4568 159 4621 ad
181 4572 296 4621 veterem
318 4564 458 4623 numerum
479 4568 551 4622 idem
574 4569 710 4623 adiutores
729 4569 840 4622 redeant
892 4569 1021 4624 remmus:
1040 4575 1071 4621 ut
1088 4571 1178 4621 tarnim
1191 4571 1255 4639 post
1271 4566 1422 4633 depositum
1437 4565 1556 4637 cilicium
1574 4581 1704 4619 momora-

40 4635 63 4680 tl
85 4632 222 4691 duodecim
249 4634 355 4703 quidem
381 4636 409 4688 in
441 4636 540 4690 scrinio
568 4651 662 4690 sacros
689 4636 839 4702 memoriae,
891 4640 964 4700 tum,
983 4637 1006 4690 si
1023 4651 1077 4689 non
1095 4636 1165 4689 inter
1183 4634 1352 4688 centenarios
1370 4639 1551 4699 numerentur,
1571 4634 1705 4687 communi

40 4704 132 4779 repunt
153 4719 215 4759 iero
238 4701 266 4755 in
290 4703 349 4757 aliis
372 4702 478 4757 duobus
502 4704 567 4764 sint,
591 4704 619 4757 iil
643 4712 684 4758 est
701 4719 839 4757 sacrarum
892 4709 907 4756 1
943 4705 996 4757 iam
1016 4704 1073 4771 lege
1096 4701 1260 4770 respondere
1282 4717 1336 4755 non
1359 4702 1502 4769 ambigant.
1547 4700 1704 4756 Praedictas

40 4772 201 4831 spatularum
218 4784 411 4838 sacrorumque
434 4771 585 4825 libellorum
603 4777 632 4825 et
648 4771 839 4840 cognitionum.
892 4777 981 4825 autem
1004 4786 1095 4825 omnes
1120 4768 1336 4824 centenariorum
1362 4784 1493 4850 personas
1515 4769 1543 4822 in
1568 4768 1705 4837 provincia

40 4834 92 4896 511)
123 4838 171 4892 lllo
189 4837 313 4891 videlicet
330 4838 504 4903 observando,
528 4854 562 4893 ne
581 4839 649 4893 alius
667 4841 775 4893 adiutor
791 4854 841 4907 per
891 4843 1013 4906 repertas
1042 4853 1171 4893 concessa
1197 4852 1269 4890 nunc
1295 4836 1407 4905 speciali
1432 4836 1484 4891 fori
1510 4837 1704 4904 praerogatiua,

39 4905 841 5028 11111111111111111111111111111
891 4903 1705 5028 11111111111111111111111111

39 4987 128 5093 nerim
145 5039 249 5095 redacti
266 5038 374 5104 sinerint,
394 5015 524 5095 additui:
544 5058 607 5095 nam
625 5042 647 5095 si
665 5043 839 5121 permutatio·
892 5013 952 5095 curn
988 4992 1125 5095 ropvetere
1142 5041 1202 5094 iure
1216 4989 1702 5117 seniensis,oboedireproccipimoa

40 5114 103 5172 uem,
120 5108 182 5164 licet
195 5108 308 5162 fortuito
325 5122 403 5163 casus
419 5109 576 5176 inciderint,
595 5109 733 5178 prohiberi
749 5111 840 5177 ‹lispo-
926 5107 973 5170 51
1027 5109 1048 5170 1.
1068 5108 1097 5173 1)
1124 5108 1221 5163 ¹⁸Iilem
1238 5109 1271 5163 A.
1290 5106 1414 5161 Patricio
1438 5123 1482 5160 ma
1502 5114 1570 5161 istro
1595 5107 1703 5176 officio-

40 5171 142 5239 tuimus,
159 5177 244 5230 multo
262 5176 347 5243 magis
364 5176 500 5244 prioribus
518 5177 690 5232 manentibus
712 5177 781 5231 alios
798 5178 839 5230 in·
893 5193 961 5229 rina
997 5178 1114 5245 Agentes
1137 5176 1166 5230 in
1182 5177 1278 5240 rebus,
1302 5177 1350 5242 qui
1368 5189 1417 5243 per
1438 5189 1469 5228 or
1516 5188 1559 5227 em
1577 5172 1705 5241 consequi

41 5339 232 5413 illucente,
253 5344 521 5412 encaeniare
554 5350 589 5411 (1)
608 5358 717 5414 expectes
734 5348 838 5399 minime
888 5349 934 5413 (11)
952 5373 986 5393 ==
1006 5349 1051 5398 Tt.
1069 5350 1093 5409 6,
1112 5359 1147 5407 11,
1166 5358 1189 5399 11
1260 5349 1306 5409 (11)
1324 5346 1457 5411 requiritur
1477 5344 1556 5410 impp.
1573 5344 1704 5396 Honorius

41 5408 68 5471 ln)
84 5427 186 5482 ceperim
203 5431 250 5467 nec
267 5417 336 5466 intra
353 5416 443 5467 testum
461 5415 526 5466 diem
543 5431 570 5466 ie
629 5420 663 5479 (1)
681 5419 783 5481 propter
801 5417 837 5481 K,
889 5420 914 5466 et
932 5415 1085 5466 Theodosius
1103 5417 1156 5465 hh.
1175 5416 1218 5480 (cs.
1237 5414 1294 5473 Ti.)
1329 5414 1375 5477 (te)
1392 5412 1473 5463 luctui
1492 5411 1613 5477 Caiaeins,
1631 5412 1703 5464 luctu
1773 5424 1778 5433 ·

41 5484 166 5536 11111110
234 5487 318 5550 (1111.
339 5487 443 5548 l,ai,s
511 5487 545 5548 (1)
564 5503 585 5536 c.
606 5486 634 5535 1³
650 5502 691 5550 pr.
712 5492 724 5542 ς
748 5488 756 5533 1
778 5485 836 5535 ht.
888 5483 916 5545 I,
934 5481 1030 5533 luctum
1048 5484 1096 5539 K⁶,
1121 5481 1220 5532 lucrum
1243 5479 1282 5532 K*
1334 5482 1380 5542 (11)
1403 5479 1548 5530 subadiuria
1570 5481 1635 5545 edd,
1656 5481 1703 5531 suh

41 5542 264 5615 trinominem,
285 5566 417 5603 numerum
435 5553 476 5616 K,
493 5553 669 5603 muneran
712 5552 785 5613 (811.
807 5553 837 5604 tt
888 5550 946 5601 cliii
954 5549 1016 5615 KP,
1034 5550 1196 5601 ouban-imus
1205 5549 1243 5612 1⁰,
1260 5547 1423 5599 subaudimus
1439 5548 1479 5600 ool
1494 5547 1634 5599 subadultis
1646 5551 1703 5601 dett.

43 5613 76 5666 11
90 5618 136 5669 nt.
169 5619 657 5685 (1)111111111.,1111100,1111111111(
689 5622 735 5681 (11)
753 5617 837 5668 locum
888 5622 934 5683 (tt)
950 5621 987 5670 sio
1004 5621 1070 5681 dett,
1088 5618 1175 5668 iuncta
1193 5615 1238 5668 KI
1302 5617 1350 5678 (11)
1368 5617 1491 5668 rubricam
1509 5615 1539 5667 de
1556 5617 1704 5682 praepositis

47 5680 70 5741 ⁰,
85 5686 184 5737 cinnum
201 5688 229 5740 K
288 5689 332 5752 (11)
350 5688 377 5739 Β
395 5691 423 5753 11,
442 5698 470 5740 11
536 5689 581 5752 (11)
599 5711 634 5733 ι-
653 5686 698 5738 lli.
716 5689 741 5744 6,
759 5696 794 5751 11,
812 5697 838 5740 11
888 5686 1018 5751 agentium
1035 5685 1063 5736 in
1081 5685 1155 5738 rebus
1172 5686 1235 5738 iaals
1252 5686 1362 5738 inomni
1379 5685 1434 5737 edd.
