3850 6208
209 196 221 264 1
245 198 263 263 3
1028 186 1069 263 26
1640 208 1687 256 os
1707 208 1852 258 εειςεοειε

209 383 316 434 οἰκείων
332 376 419 446 εὐχιῦν
436 379 487 447 τὴν
503 375 643 448 εὐμένειαν
658 381 706 432 τοῦ
724 373 925 452 φιλανθρώπου
948 378 1017 432 θεοῦ
1067 384 1132 431 alan
1153 374 1335 431 διατίθεσθαι
1358 371 1375 441 ἢ
1395 372 1548 447 δωρεῖσθαι
1570 368 1671 439 ἢκαθ’
1692 374 1782 445 ἑτέραν
1796 373 1854 429 οἱαν-
1909 406 1910 427 ι

209 453 264 502 τοῖς
281 453 377 501 κοινοῖς
394 451 544 520 περιποιεῖν
562 444 719 513 ἐτάχθησαν
735 443 885 519 πράγμασι,
908 443 953 499 διά
969 449 1017 499 τοῦ
1067 442 1167 513 δήποτε
1190 450 1330 517 περίνοιαν
1348 446 1465 496 ίκποιεῖν
1481 463 1509 495 τι
1531 443 1577 507 τῆς
1594 442 1700 521 ἑαυτῶν
1716 461 1748 494 πε
1767 447 1856 507 moles,
1909 436 1910 483 l

210 535 249 570 πα
272 512 343 568 ’ντος
364 511 448 583 νόμου
465 515 645 582 θεσπιζομεν,
668 510 757 566 ὁσάκις
774 511 808 566 άν
826 516 856 565 ἐν
872 510 1017 581 οἱηδὴποιε
1069 508 1084 529 ‘⁸
1115 511 1184 582 μετὰ
1201 510 1232 564 τὸ
1248 512 1379 583 γενέσθαι
1396 514 1538 565 ἐπίσκοποι
1555 511 1701 574 έκτησαντο
1718 504 1734 591 r}
1749 506 1857 562 απύδιο-
1909 518 1910 575 ἶ

209 536 286 637 aalide
308 581 442 655 ἱερατικὸν
464 578 570 654 θρόνον
591 578 719 647 σχολάσαι
736 586 867 649 συμβαίη,
892 580 980 652 φήφισ
1001 600 1019 631 a
1067 534 1165 647 θύγκῶν
1182 576 1199 645 ἢ
1215 575 1269 634 άπὸ
1287 574 1428 650 δωρεῶνῆ
1446 573 1515 630 καθ’
1535 578 1627 647 ἅτερον
1644 572 1796 642 οἱονδηπστε
1810 575 1858 648 τρό
1909 582 1910 615 ἰ

210 651 337 721 γίνεσθαι
358 648 432 703 nuci
454 652 513 702 τῶν
536 647 684 702 οἰκούντων
703 647 755 715 τὴν
773 645 857 716 αὐτὴν
875 647 956 703 πόλιν
986 652 1018 702 πί
1068 667 1135 713 πον,
1154 646 1223 714 πλην
1241 644 1317 715 εἰμὴ
1333 642 1412 713 μόνα,
1429 640 1446 696 ἃ
1463 641 1516 713 πρὸ
1533 646 1579 709 τῆς
1596 645 1740 709 ἐπισκοπῆς
1756 643 1784 705 ἐξ
1800 643 1858 726 αἱρεῖ

209 720 299 789 τρισίι
320 721 376 770 τοῖς
397 669 443 770 δπί
463 712 536 790 ὀρθῇ
561 722 652 771 πίστει
674 720 718 768 καί
734 722 796 784 βίου
813 713 956 784 σεμνότητι
973 718 1018 769 καί
1068 710 1169 782 δήποτε
1200 716 1287 768 αἰτίας
1317 717 1396 778 ἐσχον
1421 708 1438 778 ἢ
1496 709 1549 786 τά.
1563 709 1614 776 τὴν
1640 709 1786 792 ἐπισκοπὴν
1815 732 1860 790 apo

209 789 264 837 τοῖς
280 780 366 836 ἄλλοις
382 780 496 854 άγαθοῖς
511 788 761 854 μεμαρτυρημένοις,
779 777 850 836 ῶστε
867 787 896 836 ἐκ
912 779 1018 836 τούτων
1067 785 1171 856 γονέων
1193 785 1238 836 καί
1261 782 1351 833 θείων
1373 781 1419 832 καί
1441 774 1568 848 άελφων
1585 778 1621 829 εἰς
1638 778 1749 859 αυτρυς2
1770 776 1860 854 περιηλ

210 850 260 904 τὸν
277 847 491 922 ἐπιτηδειότερον
508 851 544 904 εἱς
559 851 610 916 την
627 850 776 918 ἐπισκοπὴν
791 851 1018 922 προχειρίζεσθαι.
1068 857 1085 906 6
1118 850 1173 903 θεν
1189 845 1206 915 ἢ
1223 852 1267 901 καί
1285 845 1490 918 περιελεύσεται.
1520 845 1617 899 Πάντα
1631 842 1669 910 δέ,
1687 863 1740 898 aaa
1747 844 1811 914 μετὰ
1821 866 1862 910 την

213 925 223 972 1
260 918 296 971 Ei
311 917 362 991 γάρ
377 917 405 970 οἱ
419 914 488 989 άγιοι
505 922 550 970 nai
563 914 666 981 ἔνδοξοι
681 914 826 972 ἀπόστολοι
839 919 866 970 οἱ
879 918 929 983 τὴν
944 916 1018 989 ἱερω·
1067 923 1236 989 χειροτονίαν
1250 917 1280 980 ἐξ
1293 912 1455 980 οἱασδηποτε
1470 915 1564 978 αἰτίας,
1581 911 1658 966 καθὰ
1671 913 1781 985 εἴρηται,
1795 916 1862 983 χωρίς

211 982 296 1051 σύνην
319 984 392 1052 παρὰ
414 987 462 1037 τοῦ
484 980 616 1039 δεσπότου
638 987 757 1054 Χριστοῦ
780 987 827 1037 τοῦ
851 987 919 1037 θεοῦ
942 981 1020 1052 ἡμῶν
1068 987 1127 1039 τῶν
1152 986 1301 1057 εἰρημένων
1325 982 1483 1053 προσώπων
1505 983 1541 1034 εἰς
1564 976 1657 1033 αὐτούς
1679 999 1715 1033 πε
1732 978 1815 1046 ιῆλθε,
1835 981 1863 1051 τῇ

211 1051 402 1120 δεξάμενσικαὶ
411 1049 821 1125 πάντωντῶνάγαθῶντηνγῆν
829 1049 1020 1135 πληρώσαντες
1069 1047 1137 1125 παρ’
1162 1047 1256 1104 αὐτῶν
1277 1053 1491 1122 ἐπισκοπουμένη
1513 1045 1633 1121 ἁγιωτάτ
1671 1000 1795 1113 ἐκκλησίᾳ
1817 1043 1863 1123 δια·

211 1124 255 1173 καῖ
272 1118 322 1186 τὴν
339 1117 419 1172 αὐτοῦ
435 1116 611 1172 διδασκαλίαν
623 1114 708 1173 ἅπασι
722 1116 944 1190 παραδεδωκοτες
958 1114 1020 1172 οὐδέ
1069 1124 1160 1205 φέρειν
1177 1116 1316 1186 κελεύομεν
1333 1122 1378 1169 καί
1396 1114 1562 1169 έκδικεῖσθαι
1579 1133 1636 1185 παρ
1665 1111 1757 1182 αὐτῆς,
1773 1110 1865 1167 οὐδενος

212 1184 291 1253 αὐτῆς
308 1189 353 1253 τῆς
370 1189 401 1240 ἐν
416 1188 457 1254 τῷ
475 1182 567 1255 κόσμῳ
584 1183 673 1252 τούτῳ
695 1189 763 1252 ζωῆς
781 1184 873 1239 αὐτῶν
889 1183 957 1257 ὐπὲρ
974 1189 1020 1253 τῆς
1069 1207 1111 1240 ετε
1129 1206 1160 1239 ου
1186 1183 1335 1258 προσώπου
1361 1182 1510 1253 δυναμένου
1535 1186 1565 1235 ln
1589 1183 1703 1237 τούτου*
1724 1184 1760 1235 είς
1781 1182 1866 1262 οἱκρῖον

211 1251 337 1337 ἡμετέρας
358 1259 491 1327 σωτηρίας
514 1257 667 1325 ἐφείσαντο,
694 1256 753 1308 πῶς
778 1250 808 1306 οὐ
832 1251 937 1307 δίκαιόν
962 1256 1020 1306 ἐστι
1069 1261 1084 1309 ῖ
1110 1257 1268 1325 απενεγκεῖν
1281 1250 1379 1323 κέρδος.
1412 1256 1454 1305 Τίς
1462 1250 1513 1324 γάρ
1521 1246 1557 1304 ἂν
1566 1244 1799 1332 ἀμφισβητήσεων,
1808 1246 1866 1302 ωςοὶ

211 1320 273 1374 τοῦς
288 1318 459 1375 υπεισιόντας
475 1322 511 1374 εἰς
527 1320 578 1388 τὴν
596 1316 687 1373 αὐτῶν
703 1320 782 1385 τάξιν
797 1326 842 1374 καί
857 1323 1018 1394 έγκαθιστα·
1069 1317 1174 1376 τούτοις
1187 1319 1235 1374 τάς
1250 1317 1319 1374 ἰδίας
1334 1316 1425 1373 οὐσίας
1439 1317 1649 1385 καταλείψαντας
1666 1321 1737 1387 ηκαὶ
1752 1315 1867 1395 καταλιμ

211 1394 304 1456 μένους
335 1391 394 1440 τῶν
424 1384 584 1460 ἁγιωτάτων
612 1388 759 1455 ἐκκλησιῶν
784 1388 868 1461 ἱερέας
893 1387 1020 1460 καθαρὰν
1070 1385 1201 1443 πάνοντες
1217 1384 1234 1455 ἢ
1248 1392 1293 1441 καί
1310 1382 1379 1440 καθ’
1399 1390 1492 1459 ἕτερον
1505 1382 1609 1458 τρόπον
1621 1390 1867 1458 παραπέμψαντεςη

211 1457 359 1522 κεκτῆσθαι
383 1462 467 1527 προαί
482 1474 539 1509 ease
560 1460 605 1508 nal
628 1458 687 1509 τῶν
728 1460 758 1508 έν
774 1453 919 1528 χρημάτων
941 1452 1030 1527 deasq?
1070 1460 1297 1528 παραπέμποντες
1310 1452 1357 1508 οὐκ
1368 1450 1558 1525 άφεωράκασιν
1566 1454 1602 1505 εἰς
1613 1450 1665 1519 τὴν
1678 1449 1763 1520 αὐτὴν
1772 1447 1867 1523 ἱερωαύ

212 1528 334 1595 φρονεῖν,
356 1525 448 1577 πᾶσαν
464 1476 495 1576 δέ
509 1522 560 1589 τὴν
577 1524 683 1576 έαυτῶν
703 1479 777 1591 [aba
798 1526 835 1577 cis
857 1523 907 1577 τόν
928 1519 1020 1594 φιλάν·
1070 1545 1121 1590 νην
1130 1527 1174 1576 καὶ
1183 1519 1381 1585 πιστεύσαντες,
1392 1517 1428 1574 ῶς
1437 1518 1467 1574 οὐ
1473 1517 1561 1602 μόνον
1569 1518 1603 1572 τά
1612 1515 1679 1601 παρ’
1696 1516 1789 1573 αὐτῶν
1799 1539 1867 1571 κατα·

213 1596 273 1655 λίΙ)
291 1586 653 1661 θρωπονάνατείνεινθεόν;
664 1586 746 1643 Ὥστε
755 1589 881 1663 προσήκει
888 1587 1022 1644 τοωότους
1070 1591 1220 1662 λειφθέντα
1238 1587 1355 1659 εὐσεβῶς
1371 1586 1583 1655 δαπανησουσιν,
1606 1582 1673 1640 ἄλλα
1688 1591 1734 1641 καί
1750 1585 1796 1641 τὰς
1811 1583 1869 1638 ἰδίας

213 1657 386 1730 ἐπιλέγεσθαι
409 1661 453 1709 καί
477 1658 691 1727 χειροτονεῖσθαι
714 1657 809 1727 ἱερέας,
827 1658 865 1712 οἱς
882 1656 929 1711 οὐκ
946 1660 1021 1711 ἔστιν
1072 1654 1164 1711 αὐτῶν
1187 1654 1279 1710 οὐσίας
1300 1657 1421 1710 τούτοις*
1443 1651 1643 1738 προσθήσουσι,
1662 1657 1745 1709 τοῦτο
1762 1656 1869 1715 ποιοῦσα

212 1724 274 1778 οὐτε
290 1729 371 1777 τέκνα
388 1722 450 1777 οὐτε
467 1728 584 1797 έγγουοι,
602 1722 696 1791 ἐπειδὴ
712 1724 760 1791 οὐχ
776 1724 833 1778 alde
849 1730 883 1778 τέ
898 1724 955 1778 ἐστι
971 1723 1021 1778 τὸν
1071 1730 1138 1789 8(3)
1177 1727 1226 1792 Ίῆς
1248 1722 1279 1777 δέ
1295 1726 1399 1797 γενικῆς
1420 1720 1498 1792 ἡμων
1514 1719 1613 1788 ταύτης
1630 1722 1795 1791 νομοθεσίας
1808 1719 1870 1805 μόνα

213 1796 273 1863 περὶ
291 1790 338 1843 τὰς
353 1791 480 1859 βιωτικὰς
497 1790 677 1860 η’σχολημένον
695 1788 852 1865 φροντίδας,
870 1789 900 1846 de
917 1792 944 1845 οἱ
959 1797 1020 1847 παῖ·
1071 1794 1229 1865 ἐξαιροῦμεν
1245 1790 1280 1844 τὰ
1293 1812 1355 1864 περι
1373 1788 1485 1860 ινόμενα
1497 1787 1641 1855 οἱαδὴποτε
1656 1785 1801 1872 πράγματα
1812 1792 1869 1841 Επι-

212 1856 254 1912 δες
270 1856 388 1928 μάλιστα
404 1864 458 1911 τοῖς
474 1861 580 1930 γονεῦσι
598 1863 750 1930 παρέχουσι,
767 1858 817 1925 τὴν
834 1862 925 1914 πᾶσαν
940 1878 1020 1914 σπου·
1071 1867 1161 1931 φονίῳ
1186 1861 1227 1927 τῷ
1254 1855 1398 1932 ἁγιωτατῳ
1423 1855 1624 1930 ἀρχιεπισκόπηε
1656 1874 1702 1923 της
1728 1854 1871 1923 εὐδαίμονος

213 1924 263 1993 δὶην
285 1946 316 1979 τε
337 1929 382 1977 καί
405 1924 513 1979 εὔνοιαν
534 1930 594 1997 περὶ
616 1925 666 1993 την
688 1927 771 1979 θείαν
793 1925 959 1999 λειτουργίαν
976 1931 1021 1980 καί
1071 1924 1168 1994 ταύτης
1194 1925 1297 1981 πόλεως
1321 1932 1366 1979 καί
1391 1922 1542 1999 πατριάρχῃ
1573 1929 1649 1997 μέχρι
1674 1925 1721 1989 τῆς
1747 1943 1786 1978 πα
1823 1921 1871 1987 'urps

213 1998 228 2047 3
262 1990 296 2046 τὰ
313 1990 516 2072 έκκλησιαστικά
532 1994 602 2059 έχειν
619 1992 770 2073 πράγματα.
805 1997 893 2047 Τινῶν
909 1992 960 2067 γὰρ
977 1991 1022 2046 διὰ
1071 1992 1180 2067 ἡμέρας·
1206 1996 1253 2048 imi
1278 1992 1309 2066 γ’
1354 1999 1410 2048 τοῖς
1434 1988 1488 2046 άπὸ
1514 1994 1562 2044 τοῦ
1586 1986 1720 2064 παρόντος
1743 1943 1871 2060 afficte
1909 2012 1910 2041 ι

212 2060 263 2126 την
280 2061 316 2113 εἰς
338 2060 407 2113 θεον
428 2056 525 2112 ἐλπίδα
542 2063 586 2112 καί
604 2057 649 2113 διὰ
665 2081 697 2114 το
714 2060 761 2115 τὰς
784 2061 890 2115 έαυτῶν
907 2063 1021 2134 περισῶ·
1072 2059 1146 2130 αὐτῷ
1165 2068 1311 2134 προσγίνεσ
1337 2082 1365 2115 αι
1421 2064 1497 2113 ατεῖν
1512 2058 1548 2112 τὰ
1566 2055 1632 2131 παρ’
1651 2054 1729 2126 ἡμῶν
1748 2056 1871 2111 duacenae
1909 2054 1910 2107 ἶ

213 2147 259 2180 σαι
276 2126 359 2197 ψυχὰς
376 2125 600 2199 προστρεχόντωυ
617 2133 675 2182 ταῖς
696 2125 858 2200 ἁγιωτάταις
875 2125 1022 2195 ἐκκλησίαις
1071 2131 1160 2183 θέντα
1187 2133 1231 2181 καὶ
1257 2131 1290 2202 τῇ
1312 2125 1398 2201 ἁγιωτ
1415 2148 1450 2201 τη
1471 2123 1573 2200 μεγάλη
1596 2124 1722 2192 ἐκκλησίᾳ
1740 2122 1872 2198 προσήκειν
1909 2164 1910 2199 ,

212 2199 257 2247 καὶ
278 2193 313 2247 τά
333 2190 386 2247 ὐπ’
404 2214 488 2259 χοντα
511 2190 600 2247 αὐτοῖς
622 2193 732 2248 ταύταις
749 2194 961 2283 προσφερόντων
977 2199 1022 2249 καί
1072 2201 1143 2264 NJ)
1176 2199 1263 2251 ταῦτα
1286 2196 1463 2265 θεσπίζομευ.
1505 2192 1583 2249 Μετὰ
1600 2191 1630 2247 δέ
1645 2193 1696 2260 τὴν
1712 2195 1774 2248 τῶν
1790 2193 1872 2263 θεοφι·
1909 2208 1910 2213 ¹

213 2259 387 2330 καταλιμπαν
437 2263 581 2330 ωνέπίτῷ
600 2263 636 2315 εἰς
653 2262 774 2329 πτωχούς
790 2284 834 2316 και
845 2269 962 2331 πένητας
977 2266 1023 2315 καὶ
1072 2262 1210 2318 λεστάτων
1227 2261 1385 2318 ἐπισκόπων
1401 2260 1527 2328 τελευτὴν
1542 2260 1604 2317 τούς
1619 2260 1689 2315 κατὰ
1704 2259 1801 2332 καιρόν
1816 2262 1871 2313 aino
1909 2322 1910 2327 ¹

216 2331 306 2402 ἑτέρας
322 2324 438 2397 εὐσεβεῖς
459 2325 559 2382 ταύτας
584 2327 765 2383 δαπανᾶσθαι
790 2337 891 2402 χρείας,
918 2326 1023 2385 ἄτοπόν
1071 2329 1167 2400 νόμους
1188 2329 1279 2404 λόγους
1295 2329 1474 2386 ἀπαιτεῖσθαι
1496 2330 1554 2383 τῶν
1571 2324 1640 2399 παρ’
1660 2325 1756 2382 αὐτῶν
1776 2325 1872 2381 umde-
1909 2336 1910 2395 η

214 2400 271 2449 ἐστι
293 2395 355 2449 τούς
376 2392 535 2451 ἐπισκόπους
557 2397 593 2450 είς
609 2399 707 2450 cinciae
723 2400 811 2451 ταῦτα
833 2395 1023 2469 ἀποφέρεσθαι
1073 2398 1222 2468 λειμμένιον
1247 2400 1416 2471 πραγμάτων
1444 2402 1489 2450 καί
1521 2398 1554 2469 τῇ
1585 2391 1722 2468 όγιωτάτη
1761 2393 1872 2460 ἐκκλησία

213 2460 304 2537 κέρδος
319 2459 336 2529 ἢ
353 2468 414 2535 περί
432 2460 488 2516 ἴδια
503 2468 585 2516 τέκνα
601 2470 646 2516 καὶ
664 2472 794 2537 συγγενεῖς
809 2465 1022 2520 καταναλίσκειν.
1072 2465 1217 2539 προσήκειν
1242 2468 1271 2519 ἐκ
1295 2465 1393 2533 ταύτης
1415 2462 1492 2533 ἡμῶν
1512 2468 1558 2530 τῆς
1579 2464 1745 2533 νομοθεσίας
1766 2459 1873 2539 ὀφειλόνζ
1909 2528 1910 2541 ρ

213 2537 229 2585 4
264 2528 325 2601 Χρὴ
349 2529 399 2603 γὰρ
425 2534 470 2582 καί
494 2529 545 2584 τὸν
571 2533 719 2585 ἐπίσκοπον
748 2532 786 2601 μὴ
812 2529 1023 2603 έμποδιζόμενσν
1075 2540 1105 2588 lo
1123 2540 1161 2599 (5)
1194 2553 1261 2588 των.
1300 2538 1355 2586 Καὶ
1381 2528 1476 2586 αὐτούς
1502 2529 1532 2584 δέ
1557 2528 1618 2584 τοῦς
1642 2529 1797 2599 οἰκονόμους
1817 2549 1874 2582 κατα
1909 2564 1910 2567 =

213 2597 390 2671 προσπαθείᾳ
412 2599 549 2670 σαρκικῶν
571 2603 675 2651 τέκνων
696 2595 810 2654 πάντων
832 2603 891 2653 τῶν
915 2602 1023 2656 πιστῶν
1072 2606 1161 2684 κρίσιν
1187 2605 1231 2653 καί
1257 2598 1418 2669 δοκιμασίαν
1460 2599 1572 2652 ίνεσθαι
1596 2595 1747 2667 κελεύομεν.
1773 2594 1875 2659 aidica

214 2663 395 2734 πνευματικόν
411 2666 481 2718 clune
498 2671 610 2739 πατέρα,
646 2664 691 2719 διὰ
707 2670 794 2720 ταῦτα
811 2673 904 2721 τοίνυν
922 2665 979 2722 άπα
997 2688 1022 2721 a·
1074 2686 1110 2722 ως
1127 2673 1211 2723 παντὶ
1228 2666 1322 2742 τρόπῳ
1340 2664 1408 2723 καθ’
1447 2684 1548 2719 aaaron
1570 2663 1696 2719 ἐνιαυτόν
1712 2662 1745 2718 id
1762 2682 1806 2718 ους
1824 2661 1874 2735 irpi-

231 2728 326 2803 εὐομεν
344 2730 397 2786 τὸν
418 2734 515 2799 έχοντα
532 2738 613 2786 τέιενει
634 2729 650 2801 ἢ
667 2732 789 2815 ἐγγόνους
808 2688 997 2807 χειροτονεῖοθ
1231 2732 1237 2749 ¹

214 2755 256 2857 δέ
276 2806 284 2863 λ
318 2801 472 2854 ἐπίσκοπον.
516 2799 580 2854 Τούς
601 2798 631 2853 δέ
654 2822 705 2855 νυν
725 2802 805 2856 ὄντας
828 2800 1023 2871 ἐπισκόπουςη
1073 2808 1118 2857 καί
1144 2822 1213 2869 παν,
1240 2823 1308 2876 οπερ
1329 2824 1365 2856 αν
1387 2807 1497 2873 φανεῖεν
1519 2820 1554 2854 τα
1574 2798 1780 2867 έκκλησιαστικὰ
1802 2819 1874 2870 πρυχ·
1909 2826 1910 2873 γ

215 2867 263 2935 μέλ
328 2884 359 2921 ας
379 2868 508 2939 γίνεσθαι
525 2868 693 2938 θεσπίζομευ
709 2866 840 2938 μηδαμῶς
862 2873 932 2937 ἔχειν
953 2870 1023 2935 ilon-
1072 2891 1145 2942 ματα
1170 2867 1393 2941 καταβλάφαντες
1418 2866 1435 2937 ἢ
1459 2864 1549 2941 κέρδος
1574 2868 1671 2921 οἰκεῖον
1700 2864 1874 2935 ποιησάμενοι,
1909 2880 1910 2943 ᾗ

995 2756 1023 2787 αι
1073 2739 1147 2801 fauce
1164 2738 1204 2818 τῷ
1222 2735 1366 2818 αχεωτάτμρ
1384 2732 1524 2801 ῖπισκόπιρ
1543 2735 1593 2813 μῆς
1615 2733 1711 2785 οἰκείας
1749 2731 1874 2814 ιοικὴαεμς

1010 2797 1024 2816 ἃ

216 3070 247 3136 (1]
271 3065 426 3189 πίροσιύποις
448 3071 493 3121 ins.
512 3069 612 3122 Nemee.
709 3071 743 3135 (t)
760 3073 797 3124 sic
814 3072 930 3139 Nonae,
948 3089 977 3125 τι
992 3075 1038 3126 ins.
1053 3072 1113 3125 oon
1219 3074 1252 3139 (³)
1275 3066 1383 3124 τούτων
1400 3070 1500 3124 Nomos.
1602 3071 1636 3137 (ς)
1652 3069 1760 3125 τούτοις
1777 3073 1875 3133 Nastae,

218 3157 262 3189 orn.
303 3137 344 3188 all.
1909 3140 1910 3185 l

1909 3246 1910 3327 λ

216 3379 272 3426 tum
288 3377 337 3436 est,
355 3376 386 3426 nt
399 3370 530 3443 praciam
540 3370 818 3449 suislerceoolcntiam
832 3373 876 3429 dei
889 3372 1025 3430 clementis
1074 3374 1159 3429 naudi
1175 3375 1217 3430 vel
1228 3391 1283 3447 per
1299 3374 1380 3429 aliam
1397 3390 1479 3445 quam
1500 3371 1727 3428 machinationem
1747 3372 1878 3449 alienandi
1909 3358 1910 3389 ἱ

214 3437 295 3493 relus
317 3438 500 3493 commaculas
522 3441 679 3505 concedent,
697 3441 839 3511 praesenti
862 3441 920 3512 leqe
936 3443 1025 3496 sanci-
1075 3442 1141 3514 quid
1166 3442 1200 3497 de
1223 3442 1304 3497 relus
1319 3443 1385 3508 suis,
1402 3458 1485 3513 queas,
1503 3447 1654 3512 postquam
1674 3441 1800 3519 epsisccpi
1814 3443 1876 3512 faeti
1909 3450 1910 3507 ζ

215 3522 283 3570 mus,
301 3512 339 3570 ut,
359 3507 599 3625 quotienscumque
624 3506 653 3560 in
679 3506 799 3586 qnalioet
814 3509 921 3586 ciuitate
936 3509 1025 3564 sedern
1073 3516 1146 3575 sunt,
1163 3511 1218 3565 sice
1234 3526 1272 3566 ecc
1290 3509 1455 3564 testamentis
1469 3509 1525 3564 siae
1539 3524 1577 3564 esc
1590 3506 1787 3565 donaaordleus
1799 3509 1877 3586 alioqc
1909 3528 1910 3545 ι

215 3571 410 3627 sacerdotem
427 3575 608 3629 υαοαεεοοαίί
627 3574 687 3637 erit,
704 3572 738 3628 ab
755 3590 790 3628 ns
806 3592 852 3646 qus
868 3576 897 3629 in
914 3594 947 3631 ea
961 3576 1024 3632 cici·
1074 3593 1129 3648 qao
1146 3577 1227 3631 modo
1245 3576 1431 3647 adquisierint,
1449 3575 1504 3630 nisi
1519 3592 1552 3631 ea
1568 3574 1637 3640 sola,
1655 3591 1726 3645 quoe
1737 3584 1877 3648 anceepu·
1909 3586 1910 3621 l

217 3646 272 3694 late
293 3637 419 3695 λαῦίίαειί
438 3638 572 3718 demetam
592 3590 645 3709 Ῑὶλιί
661 3640 694 3696 de
718 3641 804 3720 ailus
822 3644 966 3721 personis,
992 3643 1026 3699 de
1075 3652 1201 3717 copotum
1219 3661 1257 3698 ex
1273 3643 1394 3714 qnalibet
1409 3659 1493 3698 causa
1510 3648 1654 3721 tenuerunt
1668 3659 1774 3712 quaene
1785 3650 1878 3716 postea

235 3722 332 3761 narsem
355 3713 430 3761 recta
450 3705 506 3776 fide
528 3714 583 3762 osta
606 3707 719 3762 honesta
739 3708 903 3780 reliquisque
920 3711 1024 3767 uirtuti·
1075 3711 1268 3783 aparentibus
1279 3711 1392 3783 patruis
1408 3708 1696 3779 auunculisfratribas
1709 3709 1749 3765 ad
1760 3726 1877 3783 eosper·
1909 3752 1910 3775 ,

216 3725 267 3828 δας
290 3779 406 3851 οουείεί,
432 3781 463 3829 ut
486 3790 524 3828 esc
550 3773 593 3828 liis
618 3776 665 3846 qui
689 3792 733 3830 ma
758 3777 778 3830 's
797 3775 912 3832 idonens
933 3778 971 3832 sit
988 3777 1027 3833 ad
1075 3783 1090 3833 6
1125 3784 1254 3833 cesserant
1270 3776 1312 3833 cel
1323 3777 1504 3850 pervenerint.
1534 3776 1630 3832 Omnia
1644 3793 1717 3841 uero,
1732 3784 1879 3855 qnaepost
1909 3780 1910 3841 ζ

218 3847 229 3894 1
266 3846 452 3920 episcopatum
477 3851 680 3912 promoveatur.
730 3793 762 3897 δέ

216 3906 332 3978 qlomosi
348 3907 476 3980 apostoli,
494 3909 542 3979 qai
558 3908 738 3964 sacerdotium
756 3927 774 3964 a
791 3909 899 3965 domim
919 3909 1024 3967 Christo
1075 3929 1130 3966 non
1156 3928 1174 3965 a
1198 3912 1352 3967 memoratis
1372 3912 1501 3983 personis
1523 3910 1561 3965 ad
1582 3926 1629 3965 eos
1645 3915 1826 3982 pervertisset,
1847 3909 1880 3964 ad

216 3975 266 4029 deo
283 3981 379 4029 αοείνο
397 3983 558 4047 acceperant
580 3984 608 4031 et
624 3976 747 4031 omnbus
763 3977 908 4033 uirtutibus
925 3986 1024 4033 terram
1074 3986 1277 4033 sacrosanctam
1302 3978 1440 4033 ecclesiam
1466 3979 1543 4033 cerins
1568 3978 1689 4049 episcopi
1712 3985 1779 4035 sunt
1797 3978 1878 4051 perti·

216 4041 394 4119 impleuerant
414 4042 525 4122 eiusque
547 4042 700 4098 doctrinam
720 4045 825 4098 cunctis
847 4042 1024 4110 tradiderunt,
1075 4063 1138 4101 ruere
1164 4054 1190 4101 et
1215 4044 1248 4101 ab
1274 4063 1307 4101 eo
1329 4046 1462 4101 airnlicori
1478 4045 1611 4110 iubemus,
1637 4061 1724 4115 neque
1745 4044 1806 4101 nlla
1828 4044 1878 4099 alia

216 4126 250 4163 ne
267 4115 337 4164 ortae
354 4107 460 4179 quidem
476 4110 531 4182 ipsi
542 4110 570 4163 in
584 4108 636 4165 loc
647 4110 746 4166 maredo
753 4128 810 4184 pro
827 4111 916 4167 salute
930 4120 1025 4167 nostra
1073 4129 1192 4184 persana
1215 4113 1358 4183 quicquam
1380 4129 1418 4168 esc
1439 4111 1481 4166 nis
1502 4113 1532 4166 in
1542 4112 1690 4183 propriam
1713 4112 1820 4168 lucrum
1835 4129 1878 4166 au·

215 4182 407 4247 pepercerunt,
425 4176 561 4247 quomodo
587 4178 686 4232 iscstum
710 4194 766 4232 uon
783 4179 837 4232 erit
859 4195 914 4244 eos,
931 4180 979 4250 qui
996 4181 1025 4233 in
1075 4185 1088 4234 7
1123 4183 1201 4251 ferre
1216 4180 1330 4252 poterit.
1371 4178 1437 4300 βαίε
1457 4179 1527 4234 enim
1548 4178 1663 4243 είκίιίίοί,
1686 4180 1754 4250 quin
1777 4180 1826 4250 qui
1841 4178 1879 4233 λίς

216 4257 310 4298 corum
332 4241 421 4298 ίοουυι
442 4243 590 4298 accedunt
605 4253 632 4300 et
647 4253 884 4300 sacrosanctorum
901 4246 1025 4301 ecciesia-
1073 4247 1222 4314 facultates
1247 4264 1311 4302 suas
1343 4247 1502 4317 reiqncrint
1530 4245 1572 4302 υαί
1605 4245 1763 4317 relinquant
1797 4247 1879 4301 alioue

790 3843 859 3898 enirn
883 3846 974 3899 sancti
998 3851 1026 3900 et
1076 3846 1273 3900 ordinationem
1298 3861 1336 3900 esc
1357 3845 1453 3915 quaeis
1478 3860 1574 3908 cascso,
1595 3850 1684 3915 prout
1709 3842 1812 3899 dselurn
1834 3852 1878 3905 est,
1909 3856 1910 3863 ¹

217 4325 279 4365 rum
294 4309 450 4365 sacerdotes
466 4310 657 4376 instituuntur,
669 4327 774 4384 purum
784 4313 960 4384 propositum
977 4313 1024 4368 la·
1074 4327 1128 4382 quo
1151 4314 1231 4369 modo
1255 4314 1293 4368 ad
1313 4331 1360 4370 eos
1384 4313 1571 4387 transtulerint
1592 4312 1634 4368 oel
1650 4309 1881 4385 transferamini
1909 4332 1910 4339 ¹

216 4376 278 4431 dere
294 4384 321 4431 et
357 4378 479 4431 ecscniam
496 4385 663 4433 contemnere
680 4394 783 4433 omnem
803 4397 836 4434 ue
850 4381 932 4435 vitam
948 4393 1025 4435 mam
1073 4384 1162 4449 ipsum
1175 4375 1356 4432 sacerdotium
1371 4383 1543 4453 respexerint
1554 4378 1638 4453 idque
1651 4375 1772 4453 fecerint
1786 4375 1877 4444 conda
1909 4430 1910 4433 ,

217 4449 232 4497 2
266 4442 304 4497 ad
338 4461 398 4498 eum
414 4444 566 4500 clarentem
584 4445 744 4517 applicare?
787 4456 867 4516 taque
880 4447 948 4503 tales
961 4463 1025 4502 con·
1073 4445 1283 4500 eosnonsolum
1297 4460 1367 4515 quae
1381 4443 1415 4497 al
1429 4444 1496 4514 ipses
1509 4442 1738 4520 reluctasuntpse
1751 4447 1877 4514 eraqatn·
1909 4462 1910 4487 ι

216 4510 289 4565 venit
304 4510 460 4567 sacerdotes
476 4510 541 4582 eliqi
557 4518 585 4566 et
601 4511 736 4578 ordinari,
759 4514 807 4585 qui
823 4531 910 4584 neque
926 4513 1026 4570 liberos
1072 4530 1128 4579 ros,
1142 4511 1191 4568 sed
1203 4513 1284 4567 ctiam
1291 4511 1428 4583 proprias
1439 4510 1589 4588 facultates
1602 4508 1877 4566 lasadditurasesse?

217 4594 303 4647 neque
320 4587 432 4649 nepotes
452 4577 582 4644 adeant,
627 4578 736 4633 nomam
764 4581 836 4636 uitae
861 4580 1025 4637 cottidianae
1073 4584 1088 4635 8
1121 4578 1163 4635 Ao
1181 4579 1233 4634 lsoc
1252 4586 1341 4634 autern
1363 4576 1484 4650 qenerals
1508 4577 1566 4647 leqe
1589 4583 1685 4631 nostra
1707 4592 1755 4633 eas
1771 4594 1817 4633 res
1836 4594 1877 4630 sa·

217 4645 290 4699 cums
307 4652 469 4717 occupatus,
492 4662 561 4717 quos
580 4645 601 4699 li
617 4646 658 4700 eri
669 4647 843 4718 potissimum
863 4648 1025 4720 parentibus
1072 4647 1115 4702 las
1131 4647 1295 4716 excipimus,
1337 4662 1388 4700 uae
1406 4643 1578 4715 Epiphanius
1594 4644 1783 4701 sanctissimus
1800 4645 1877 4699 iuius
1909 4678 1910 4681 =

216 4712 346 4781 efferum,
362 4712 644 4784 nonpoteststudium
657 4715 1025 4786 omneooqitationcmquein
1072 4716 1248 4787 felicissimae
1273 4662 1349 4772 υνδε
1374 4713 1594 4796 archiepiscopus
1616 4720 1644 4769 et
1659 4713 1826 4786 patriarcha
1846 4710 1881 4766 al
1909 4744 1910 4761 ι

217 4782 232 4833 ³
259 4776 349 4834 diuino
359 4778 574 4850 culturebsaque
587 4780 774 4835 ecclesiasticis
788 4781 930 4837 collocare.
954 4781 1025 4837 Nam
1075 4783 1146 4838 lunc
1162 4800 1248 4855 usque
1264 4782 1333 4838 diem
1350 4782 1495 4853 adquisist:
1510 4783 1539 4836 in
1551 4782 1587 4837 iis
1600 4781 1678 4847 adm,
1696 4798 1767 4851 quae
1784 4779 1819 4835 ab
1830 4778 1878 4834 loc

216 4861 276 4900 cum
294 4845 404 4918 quidam
415 4854 534 4918 propter
542 4863 617 4919 spem
633 4864 715 4918 quom
731 4847 822 4903 indeo
837 4847 937 4904 labent
952 4855 979 4904 et
995 4856 1026 4904 ut
1076 4858 1195 4921 tempore
1222 4851 1249 4905 ei
1271 4849 1461 4921 adquirentur,
1484 4849 1574 4904 καίτοι·
1590 4865 1660 4920 quae
1676 4865 1695 4903 a
1716 4847 1796 4903 αοῦῖς
1818 4862 1877 4901 con·

216 4913 322 4967 ammae
338 4930 432 4968 corum
448 4913 541 4969 saluae
554 4913 627 4984 piant
643 4913 681 4968 ad
692 4924 884 4969 sacrosanctas
898 4915 1026 4971 eeclesias
1073 4917 1171 4971 stituto
1185 4923 1251 4973 sunt
1271 4934 1356 4987 caque
1378 4916 1415 4971 ad
1435 4916 1631 4972 sanctissimam
1651 4932 1777 4986 παραίσια
1799 4914 1878 4969 eccle-

217 4979 349 5034 occedant
368 4980 403 5034 iis
422 4998 456 5036 ue
475 4980 544 5053 ε’μείε
576 4980 708 5038 aoultotes
724 4998 788 5037 suas
805 4982 925 5052 offerant
940 4988 968 5037 et
982 5000 1025 5039 re·
1074 4989 1090 5038 9
1124 4985 1344 5062 stampertiuere
1359 4985 1502 5039 sancimus.
1542 4982 1612 5038 Post
1627 4992 1739 5037 mortem
1756 4997 1822 5037 occo
1838 4996 1879 5057 re3

217 5046 355 5116 linquant,
379 4997 420 5101 υἱ
431 5047 461 5101 in
477 5054 548 5120 ptoo
566 5064 598 5102 os
620 5055 649 5103 et
662 5065 802 5127 pauperes
824 5048 947 5121 aliosque
958 5050 1027 5122 pias
1075 5050 1308 5129 liqiosisstmorum
1325 5051 1513 5129 episcoporum
1531 5067 1588 5123 pro
1607 5056 1725 5129 tempere
1742 5062 1877 5128 oeconomi

216 5129 282 5167 ειςιιε
298 5113 501 5185 espendautur,
524 5114 670 5169 absurdam
691 5123 733 5170 est
755 5132 897 5189 episcopos
913 5115 980 5171 loeo
995 5118 1026 5172 in
1074 5117 1170 5173 delent
1194 5124 1316 5174 rationes
1340 5134 1452 5189 echre
1476 5134 1566 5173 rernm
1597 5117 1630 5172 ab
1657 5133 1691 5172 ns
1715 5116 1877 5175 reiectanea,

214 5181 363 5302 promum
378 5180 487 5303 {norm
502 5189 604 5303 υεείιτῙρ
623 5181 668 5261 pel
682 5182 826 5303 innlilercs
842 5198 1025 5306 suosthqno-
1075 5201 1146 5307 ηραν
1168 5201 1205 5305 οφ
1222 5183 1279 5264 'leco
1295 5184 1354 5306 leqtq
1370 5183 1519 5308 nosdreaoml
1534 5190 1736 5306 sqcrosazsctam
1753 5195 1878 5305 m

216 5313 252 5366 im
272 5264 372 5392 ediquem
392 5265 547 5371 ὐδεαοίὶἱιῦε
572 5266 717 5396 [imm
739 5266 1026 5388 αδλδόλέόδύθλεόιπὶἱὶώ
1074 5267 1534 5398 ουαεθύὐεὶδόλόῃόόῃςοὶλπεζδπαίὶόυε
1554 5269 1647 5375 m
1661 5268 1781 5397 ε’δδεόὶεςε
1795 5317 1877 5373 scicn-

214 5380 335 5459 flenm
354 5389 462 5454 patrem
484 5400 541 5438 esse
556 5384 733 5457 spiritualem.
774 5384 948 5455 quamobrem
965 5402 1024 5442 eum
1075 5393 1115 5442 tes
1131 5384 1284 5443 omnimodo
1301 5384 1417 5465 scapulis
1437 5403 1517 5441 aams
1533 5392 1654 5441 rationes
1670 5384 1876 5439 admotumque

216 5464 263 5568 ραι
289 5447 389 5504 liberos
414 5449 455 5505 oei
478 5458 590 5523 nepotes
606 5450 698 5517 labet,
720 5452 877 5525 episcopum
900 5452 1026 5509 ordinari
1073 5454 1117 5509 nis
1141 5470 1208 5509 suae
1232 5454 1401 5508 sanctissimo
1428 5455 1518 5527 episeo
1540 5470 1556 5508 o
1581 5452 1694 5509 reddere
1715 5459 1753 5517 et,
1777 5451 1805 5505 si
1824 5464 1876 5521 quo

267 5522 393 5578 vetamus,
434 5514 580 5590 Episcopis
603 5525 691 5573 autem
714 5519 762 5590 qui
777 5535 850 5574 nnnc
865 5526 930 5575 sunt
964 5521 1025 5577 idue
1073 5520 1172 5576 danao
1198 5536 1243 5576 res
1267 5518 1462 5577 ecclesiasticas
1532 5521 1615 5575 coisse
1647 5518 1690 5576 vel
1719 5520 1748 5572 in
1775 5517 1876 5573 lanua

216 5588 296 5638 erunt
309 5583 472 5657 facultatem
494 5586 602 5641 omnino
628 5584 770 5643 adimimus
785 5586 902 5642 testandi
918 5537 963 5644 υελ
976 5586 1024 5645 do·
1071 5589 1214 5661 proprium
1232 5585 1300 5661 quid
1315 5588 1426 5644 uertisse
1442 5589 1492 5645 cisi
1503 5589 1618 5660 fuerint,
1637 5585 1688 5643 loc
1704 5584 1783 5643 relus
1798 5582 1875 5640 ecca·
