3850 6208
60 342 242 400 αεσιεειοις
839 322 882 401 it
1640 327 1696 404 13

57 519 119 570 iiiii
137 520 186 568 τοῖς
206 514 426 580 ίιικίησιαστικοῖς
450 508 640 570 ἀποδύσουοι1
666 513 836 590 πρύγμασιν·
884 514 1018 573 τοιούτων
1032 517 1190 590 προσεόπων
1195 516 1345 604 γινομένην
1362 520 1423 591 περί
1440 516 1500 573 τούς
1517 513 1568 575 ἀπ’
1588 516 1699 575 εἰπεῖν’

57 582 119 645 hoii,
138 585 160 634 εἰ
178 586 225 649 μίν
241 583 378 655 περιόντες
394 583 457 637 τούς
478 584 615 638 τοιούτους
633 580 776 650 ύπόσχοιεν
793 584 836 640 λό-
886 590 1108 658 φροντιζομὲνους
1130 585 1257 654 δαπανην
1281 593 1323 641 καί
1348 584 1504 655 ἐπιμέλειαν
1525 593 1592 661 περί
1613 609 1643 642 τε
1663 588 1698 643 τὰ

55 668 107 724 γαις,
126 651 244 722 γίνεσθαι
268 650 301 702 τὰ
318 653 452 722 εἰρημένα,
475 652 499 703 εἰ
515 650 546 706 δὲ
566 651 753 719 τελευτῆσαιεν
770 672 792 708 π
809 659 837 707 ἰν
885 654 1032 726 πάγματα
1065 660 1110 709 καί
1142 655 1205 710 τοῦς
1230 657 1315 709 οἴκους
1344 658 1545 728 ίκπεριττεῦσαι
1571 662 1697 726 συμβαίη,

55 720 115 770 τοίς1
133 715 220 770 αύτούς
243 716 332 799 λόγους
349 716 483 785 ὑποσχεῖν,
509 717 571 773 τότε
588 719 650 774 τοῦς
667 717 760 774 alias
776 676 836 789 κλη-
888 676 923 775 lp
953 724 1039 775 ταῦτα
1057 728 1207 797 προχωρεῖν
1224 725 1260 777 εἰς
1276 720 1424 796 ἀγορασίαν
1441 720 1592 795 προσόδων.
1624 729 1697 777 Παν·

91 784 159 853 όμονς
176 786 332 869 όπαχθηναι
354 789 389 861 τῇ
405 786 518 860 τοιαύτη
536 787 642 854 ζητήσει
666 792 711 840 καί
728 787 835 842 unusla-
885 792 966 854 ταχοῦ
992 790 1043 863 γὰρ
1068 788 1132 859 ἡμῖν
1158 789 1256 843 σκοπὸς
1289 793 1325 846 εἰς
1350 787 1473 844 ἐπίδοσιν
1499 787 1556 856 ἢτοι
1586 788 1698 857 αὔξησιν

54 806 137 919 δῦν’
151 852 213 923 πρὸς
228 850 449 908 αποκατόστασιν
461 856 584 918 πάντων,
603 844 643 909 τόν
657 851 692 907 ἂν
705 856 838 910 ἐντεῦθεν
885 855 1002 939 ἄγεσθαι
1019 857 1053 910 τὰ
1070 860 1106 912 εἰς
1122 856 1237 927 εὐσεβεῖς
1254 854 1420 943 ἀφορισμίνα
1436 864 1524 929 χρείας
1541 854 1697 931 πράγματα·

56 928 76 974 11
91 925 122 983 (i)
151 924 256 990 φανεῖεν
281 917 441 991 ὀφείλοντες.
484 926 548 975 Δεῖν
574 921 604 976 st
633 919 765 991 ηληθημεν
791 928 836 976 καί
886 921 971 977 ου’τως
992 924 1043 998 γὰρ
1061 928 1171 980 ἕκαστος
1193 921 1260 999 incip
1278 928 1323 992 τῆς
1340 927 1435 978 εαυτοῦ
1453 928 1535 995 ψυχῆς
1554 947 1581 978 τι
1599 925 1699 1017 πρᾶξαι

54 987 79 1039 τό
96 992 135 1040 iiii
154 992 205 1040 τοῖς
220 1008 271 1053 την
287 986 420 1059 φροντίδα
438 985 657 1062 ἀναδιδογμόνοις
676 987 693 1057 ἢ
711 996 755 1043 καί
772 987 836 1043 ἀνα·
885 989 1043 1060 βουλόμενος
1060 993 1268 1067 προθυμότερον
1285 991 1422 1056 ἐπιδώσει,
1445 992 1492 1046 ἰὰν
1509 991 1543 1045 τὰ
1567 1013 1623 1065 παρ
1654 990 1698 1046 ai·

54 1053 176 1123 δεξομένοις
195 1057 253 1107 ταῖν
274 1076 305 1108 τε
322 1053 430 1128 εύαγῶν
447 1054 575 1120 ξενώνων
592 1063 637 1110 καί
654 1065 837 1125 νοσοκομείων
885 1061 933 1111 τοῦ
957 1059 1127 1131 παρεχόμενοι
1148 1057 1265 1130 εὐσεβῶς
1281 1059 1388 1129 μέλλειν
1405 1058 1569 1114 διοικεῖσθαι
1592 1057 1698 1114 πιστεύ·

53 1128 85 1174 καί
98 1128 228 1187 πτωχείων
244 1127 289 1175 καί
306 1119 545 1197 όρφανοτροφείων
562 1131 606 1178 καί
615 1130 837 1211 βρεφοτροφιίων
887 1131 918 1181 18
937 1131 974 1193 (Β)
1008 1146 1087 1181 σειεν.
1128 1130 1163 1181 Εἰ
1183 1125 1213 1181 δι’
1229 1130 1318 1202 συμβῇ
1335 1126 1398 1182 τινὰ
1414 1127 1521 1181 τούτων
1538 1126 1699 1183 παύσασθαι

53 1192 203 1242 διανεῦσαι.
243 1195 288 1243 καί
310 1190 362 1264 γὰρ
387 1187 474 1246 αἰετοῖς
491 1196 584 1246 πᾶσαν
600 1189 695 1246 ἄδειαν
712 1195 836 1265 αναιροῦ-
884 1197 931 1261 τῆς
953 1193 1107 1281 φροντίδος,
1131 1184 1159 1264 ἧς
1179 1197 1240 1262 ιίχε,
1264 1197 1432 1265 θεσπίζομεν
1447 1197 1561 1249 τοῦτον1
1595 1197 1632 1248 εἰς
1656 1193 1699 1247 τό·

53 1277 89 1323 μιν
105 1258 146 1310 τοῦ
167 1256 200 1308 τὰ
213 1257 354 1323 minua
371 1255 460 1313 αύτοῖς
474 1259 543 1342 μετὰ
566 1260 598 1313 τὸ
616 1260 786 1329 παοαλαβεῖν
802 1258 837 1314 iii
886 1283 940 1318 πον
959 1264 1041 1316 αυτοῦ
1058 1264 1261 1332 καθισταμένου
1277 1262 1346 1332 petii
1362 1264 1410 1316 τοῦ
1429 1261 1514 1336 φόβου
1537 1264 1585 1316 τοῦ
1604 1259 1699 1316 δεσπό·

54 1328 152 1395 εἰρημένα
191 1331 360 1396 ροντίσματα
382 1324 484 1409 {naua
501 1325 635 1394 διαθήκας
653 1311 669 1395 ἰ]
686 1324 756 1381 καθ’
781 1333 836 1381 iii·
885 1350 932 1383 του
951 1330 1018 1382 θεοῦ
1037 1328 1128 1403 λόγους
1150 1327 1330 1385 ἀπαιτεῖσθαι
1352 1329 1438 1398 πάσης
1459 1333 1506 1397 τῆς
1529 1324 1597 1401 παρ’
1618 1325 1699 1382 αὐτοῦ

54 1389 166 1459 prolusi
201 1412 247 1446 οτε
262 1394 369 1465 τρόπον
386 1416 402 1460 η
419 1401 561 1465 περίνοιαν
580 1398 615 1448 εἰς
633 1399 712 1469 ἕτερα
728 1416 836 1464 μετατι·
884 1402 1028 1471 γενομένης
1045 1395 1207 1467 διοικήσεως,
1223 1397 1299 1451 καθὰ
1315 1400 1349 1469 τῇ
1368 1399 1436 1465 θείη
1455 1395 1534 1467 ἡμῶν
1549 1392 1636 1470 ταύτῃ
1654 1416 1699 1451 πε-

54 1464 114 1511 linai
128 1478 265 1533 προσωπα,
284 1459 357 1527 πλὴν
374 1463 398 1514 εἰ
413 1461 451 1532 μὴ
468 1458 520 1516 όσα
537 1461 635 1535 πρώην
652 1467 747 1530 ἔτυχον
765 1465 836 1530 ἕχον-
885 1470 1001 1537 ριίχεται
1018 1467 1183 1535 νομοθεσίᾳ,
1202 1463 1303 1520 εἰδότος
1318 1471 1364 1519 καί
1380 1467 1429 1519 τοῦ
1448 1462 1510 1535 μετ’
1531 1460 1614 1518 αὐτὸν
1631 1466 1700 1518 καθ-

14 1590 15 1593 ,
54 1524 182 1594 τιςῆμετὰ
198 1528 286 1580 ταῦτα
309 1524 365 1582 ἀπὸ
381 1535 485 1601 γονίων
502 1526 519 1597 ἢ
536 1531 626 1584 θείων
643 1536 687 1584 καί
710 1526 837 1603 ἀδελφῶν
887 1536 1043 1600 ισταμένου,
1068 1529 1104 1587 uis
1126 1535 1166 1600 τῷ
1194 1531 1312 1600 δεσπότη
1344 1534 1404 1600 θεῷ
1434 1531 1484 1586 τὸν
1509 1527 1578 1603 ὑπὲρ
1604 1528 1700 1585 τούτου

14 1604 15 1661 ᾖ
56 1600 75 1647 11
100 1595 131 1647 εἰς
151 1592 244 1649 αύτούς
266 1595 408 1682 περιῆλθε.
442 1595 599 1661 illocali,
622 1593 675 1653 όσα
697 1604 751 1653 τοῖς
768 1600 836 1672 εἰρη·
890 1605 918 1654 ii
937 1604 974 1667 (9)
1009 1600 1089 1685 λόγον
1111 1596 1209 1671 ὑφέξει.
1253 1588 1311 1654 'lcii
1337 1602 1518 1669 θεσπίζομεν,
1547 1598 1622 1653 καθὰ
1645 1603 1700 1653 τοῖς

53 1666 118 1727 μ’νοις
137 1660 255 1734 εύαγέσιν
280 1682 361 1717 οικοιε
386 1664 514 1737 προσῆκει
539 1662 557 1733 ἢ
583 1668 618 1719 εἰς
643 1666 704 1720 τούς
730 1663 837 1720 τούτων
885 1667 973 1720 θείοις
996 1664 1139 1742 διωρισται
1156 1666 1258 1729 κανόσι,
1281 1670 1348 1736 μήτε
1372 1671 1520 1722 ἐπίσκοπον
1535 1664 1603 1736 μήτε
1619 1687 1700 1738 χωρε·

14 1784 15 1787 ¹
54 1731 193 1796 προεστῶτας
207 1729 277 1797 μετὰ
293 1730 328 1784 τό
345 1732 395 1798 την
412 1730 540 1800 τοιαύτην
552 1730 742 1797 ἀναδέξασθαι
756 1753 836 1805 φρον·
885 1741 1022 1790 πίσκοπον
1043 1733 1110 1818 μήτε
1138 1734 1313 1805 inspectivam
1335 1734 1401 1804 μίμε
1427 1733 1610 1806 πρεσβύτερον
1633 1735 1700 1803 μίγεν

55 1796 98 1847 ills
116 1795 256 1869 περιῆλθεν
281 1794 298 1864 ἢ
322 1797 526 1871 περιελεύσεται,
549 1806 603 1854 τοῖς
624 1799 712 1855 αὐτοῖς
730 1798 837 1873 εύαγίσι
886 1800 967 1856 ἄλλων
983 1800 1146 1886 οῖασδηποτε
1164 1800 1238 1865 ἀξίας
1255 1803 1380 1873 κληρικὸν
1397 1805 1442 1857 ἐπὶ
1460 1800 1699 1874 δόσειχιιροτονεί·

14 1882 16 1887 ’
55 1862 160 1935 διαφέρειν
181 1866 262 1918 οἴκοις
285 1870 331 1917 καί
349 1865 465 1935 εὐσεβῶς
483 1872 544 1940 περὶ
561 1868 621 1922 τοῦς
639 1872 669 1921 ἰν
687 1866 776 1922 αὐτοῖς
793 1868 836 1922 όν·
886 1875 919 1924 20
954 1871 1032 1924 σθαι.
1074 1870 1152 1923 Atta}
1177 1868 1246 1938 μηδὲ
1273 1868 1414 1939 οἰκονόμον
1440 1866 1457 1939 ἢ
1489 1865 1701 1951 ίκκλησιεῖιδικον

14 1952 16 2001 3
57 1928 400 2006 13Ιτοςῆθεραπευομένους
414 1932 577 1988 διοικεῖσθαι
591 1934 681 1989 κελεύο
703 1957 740 1990 εν.
767 1934 836 2009 Πρό·
886 1934 903 2004 ἦ
925 1935 1066 2018 ξενοδόγον
1083 1935 1100 2005 ἢ
1116 1936 1271 2011 γοοοκόμον
1293 1933 1310 2005 ἢ
1332 1934 1527 2010 πτωχοτρόφον
1549 1957 1566 2003 η
1586 1930 1700 2008 όρφανο·

55 1996 113 2063 ipim
129 1998 176 2073 γάρ
193 2005 287 2064 ἐστιν,
310 1996 355 2054 δτι
372 1999 386 2055 ὁ
405 2001 619 2073 καταλιμπάνων
636 2000 652 2071 ἢ
670 1959 838 2077 δωρούμενος
885 2004 988 2077 τρόφον
1005 2027 1021 2073 η
1038 2004 1224 2078 βρεφοτρόφον
1241 2002 1258 2071 ἢ
1274 2004 1324 2058 τὸν
1341 2008 1385 2060 ἐπὶ
1402 2007 1448 2073 τῆς
1465 2009 1598 2070 πτωχείας
1614 2023 1700 2075 παρα·

14 2104 15 2107 =
56 2065 158 2138 ippi'ipioi
172 2063 189 2134 ἢ
205 2064 336 2141 ἀγράφως
353 2068 486 2137 ξενοδόχηι
505 2067 521 2137 ἦ
538 2069 678 2139 νοσοκόμη)
700 2070 794 2139 ἢπτω
811 2091 836 2122 o·
886 2072 988 2138 σχόντα
1004 2093 1032 2125 τι
1048 2075 1187 2145 γίνεσθαι,
1204 2069 1271 2125 ἀλλὰ
1287 2072 1357 2126 κατὰ
1372 2079 1461 2144 κρίσιν
1478 2076 1523 2125 καὶ
1540 2070 1700 2140 δοκιμασίαν

57 2135 120 2203 impp
134 2129 177 2201 ἢό
215 2133 365 2209 ανοτρόφηι
382 2132 451 2210 ὑπὲρ
467 2137 564 2191 τούτου
588 2136 710 2203 δίδωσιν,
734 2142 779 2192 ira
794 2093 835 2193 δι’
886 2142 945 2194 τῶν
968 2140 1036 2193 κατὰ
1059 2139 1146 2196 τόπον
1168 2138 1394 2210 θεοφιλεστάτιον
1416 2138 1574 2194 ἐπισκόπων
1590 2137 1700 2193 τούτους

59 2185 112 2253 iiiii
132 2155 243 2323 ιύσαέῶς
270 2200 417 2271 διοικηθ”,
445 2202 480 2258 ὠς
506 2211 551 2259 καί
575 2205 677 2272 πολλὴν
703 2202 838 2275 εύσεβείας
887 2211 918 2262 ii
955 2206 1168 2280 προβάλλεσθαι.
1203 2210 1238 2261 Εἰ
1255 2206 1288 2261 δι’
1300 2226 1342 2261 τις
1358 2204 1481 2280 εὑρεθείη
1491 2206 1626 2278 προφάσει
1642 2208 1700 2260 τῶν

60 2265 144 2339 ἀφορμὴν
208 2272 240 2323 οῦ
259 2273 370 2336 &ouras
385 2226 433 2324 διὰ
449 2272 510 2327 τοῦς
530 2271 578 2328 ὑπ’
599 2271 680 2328 αἰτοῖ·
698 2276 837 2347 φροντιζο·
887 2276 910 2328 ii
943 2280 1035 2344 μόνων
1060 2277 1236 2347 χειροτονιῶν
1260 2282 1305 2327 καὶ
1329 2294 1443 2348 φροντισ
1473 2275 1539 2328 ’των
1561 2270 1650 2329 διδούς
1673 2294 1701 2326 τι

14 2348 15 2355 ’
63 2344 83 2389 11
104 2344 185 2405 simoin.
227 2342 288 2390 Kal
305 2336 336 2391 ού
354 2335 460 2393 δίκαιόν
477 2344 535 2393 ἐστι
552 2345 657 2405 τοῦτον,
681 2338 750 2411 ἅπερ
773 2361 837 2412 προ·
886 2338 903 2409 ἢ
959 2365 980 2412 μ
1000 2341 1091 2409 ἄνων,
1113 2344 1167 2396 εἴτε
1190 2347 1334 2399 ἐπίσκοπος
1357 2343 1398 2409 εἴη
1423 2363 1476 2396 seii
1498 2338 1632 2425 irimperht,
1655 2345 1700 2393 καί

66 2405 113 2471 iiiii
127 2408 177 2458 τῶν
198 2401 248 2460 ἀπ’
279 2403 362 2459 αύτοῦ
392 2413 611 2479 φροντιζομόνων
635 2407 779 2478 λαμβάνει,
801 2408 838 2477 μὴ
887 2409 937 2464 τόν
959 2416 1114 2483 παρέχοντα
1130 2421 1175 2463 καί
1193 2410 1241 2464 τὸν
1259 2408 1433 2478 λαμβάνοντα
1455 2410 1509 2473 ἔξω
1528 2427 1574 2476 της
1591 2406 1699 2481 ἱερωσύ·

68 2478 106 2541 uqi
119 2470 197 2525 αύτούς
220 2470 237 2539 ἢ
255 2478 304 2525 καί
327 2470 395 2545 ὑπὲρ
418 2473 511 2528 αὐτῶν
528 2472 696 2541 ἀναλίσκειν,
719 2472 780 2529 ἀλλ’
803 2477 838 2529 εἰς
887 2495 933 2559 νης
950 2483 994 2531 καί
1011 2481 1059 2531 τοῦ
1077 2475 1173 2549 κλῆρον
1188 2480 1319 2550 γίνεσθαι
1335 2476 1483 2545 κελεύομεν,
1511 2475 1579 2545 μετὰ
1595 2478 1628 2530 τό
1644 2472 1698 2530 ὑπό

14 2564 16 2569 >
69 2536 110 2590 ἴδοι
119 2535 172 2593 αἰτία
188 2539 345 2614 πρόσωπον
361 2539 551 2614 ἀποφέρεσθαι
573 2548 618 2597 καί
636 2546 733 2597 οἰκεῖον
756 2548 837 2598 ποιεῖ·
887 2566 938 2612 την
969 2545 1127 2620 κατάκρισιν
1157 2542 1251 2600 αὐτοὺς
1282 2546 1352 2598 εῖναι
1382 2548 1430 2598 τοῦ
1463 2543 1595 2599 δεσπότου
1623 2544 1700 2597 θεοῦ.

67 2608 108 2657 εδει
120 2606 199 2675 tiphos
221 2611 273 2661 τοῦ
306 2607 393 2691 φόβου
415 2613 462 2663 τοῦ
491 2612 559 2664 θεοῦ
584 2608 837 2684 καταφρονήσαντα.
887 2616 920 2668 22
955 2616 990 2666 Εἰ
1015 2610 1047 2667 δι’
1066 2630 1107 2667 τις
1130 2611 1176 2667 διὰ
1198 2620 1363 2685 προστασίας
1383 2618 1493 2686 γένηται
1514 2618 1560 2665 καί
1576 2607 1700 2685 εὑρεθείη

66 2677 83 2723 n
106 2680 137 2727 rii
154 2676 223 2758 γὰρ*
246 2674 301 2729 τόν
318 2697 369 2743 την
385 2676 513 2745 τοιαύτην
531 2679 628 2745 ἔχοντα
651 2676 784 2752 φροντίδα
800 2677 838 2748 μη
888 2676 976 2734 διδούς
998 2701 1040 2746 τι,
1065 2681 1116 2735 τὸν
1136 2680 1280 2757 γινόμενον
1305 2681 1358 2744 ἔξω
1383 2682 1431 2734 τοῦ
1454 2678 1502 2746 κλὴ
1534 2701 1550 2732 υ
1570 2679 1700 2765 γίνεσθαι

61 2747 139 2807 νομίσειε
162 2740 205 2796 δια
221 2745 309 2797 τοῦτο
325 2743 427 2811 ταύτην
444 2741 640 2830 ἀναδεΐασθαρ,
664 2749 709 2801 iusi
731 2745 769 2816 μὴ
788 2745 837 2831 μό·
888 2751 920 2801 ii
957 2746 1103 2817 κελεύομεν.
1146 2751 1181 2801 li'i'
1204 2746 1234 2802 li
1255 2747 1393 2832 οἰκονόμος
1415 2744 1432 2815 ἢ
1454 2752 1498 2800 iiiii
1532 2744 1661 2801 σιειιδαιος
1684 2741 1701 2811 ἢ

60 2828 90 2859 ιον
107 2805 147 2863 iia
170 2808 245 2878 αύτῷ
273 2810 385 2873 ἔξωθεν
411 2819 590 2885 περιγίνεται,
620 2812 688 2867 αλλὰ
716 2820 761 2867 καί
786 2811 838 2867 όσα
886 2823 1089 2897 χωρεπίσκοπος
1111 2811 1179 2883 ἢπε
1197 2814 1314 2883 ιοδεντής
1336 2813 1505 2882 ηξενοδόχος
1524 2810 1541 2881 ἢ
1557 2811 1701 2898 νοσοκόμοξ

14 2914 16 2951 i
59 2881 116 2939 tiit)
143 2880 231 2945 ίευχεν
256 2878 377 2945 ἐσχηκώς
400 2885 461 2954 περὶ
486 2877 572 2948 αὐτὴν
594 2879 751 2955 lanarium
779 2880 838 2935 Ἔτι
888 2880 1113 2957 ηπτωχοτρόφος
1138 2879 1155 2950 ἢ
1180 2836 1381 2955 δρφανοτρόφος
1405 2880 1422 2949 ἢ
1442 2878 1625 2966 βρεφοτρόφος
1647 2902 1664 2947 η
1684 2899 1699 2932 o

57 2947 157 2998 καίτοῦτο
165 2944 317 3015 κελεύομεν,
335 2942 386 3000 ὅσα
402 2946 471 3017 μετὰ
487 2948 538 3015 τὴν
556 2945 672 3004 δεόντως
689 2948 764 3022 παρὰ
778 2951 838 3002 τῶν
887 2949 1046 3020 καλούμενος
1069 2954 1115 3005 iiil
1141 2954 1186 3018 τῆς
1211 2956 1343 3018 πτωχείας
1371 2967 1522 3022 παρασχων
1544 2969 1571 3003 τι
1602 2953 1700 3020 φανείη

57 3150 122 3268 iili&
136 3151 200 3285 Ca&
216 3144 507 3235 ἀποσώσρυσιΝοοιοε.
587 3154 622 3220 (i)
638 3147 700 3206 τοῦς
714 3174 759 3207 oin.
772 3155 872 3207 Nomos.
933 3154 967 3221 (3)
977 3151 1121 3206 συνελθεῖν
1131 3152 1191 3207 Call.
1252 3154 1285 3220 (t)
1300 3149 1507 3208 lotnallerslar
1563 3155 1597 3221 (ς)
1615 3148 1698 3208 αἰτοῦ

206 3238 288 3292 παρα
302 3237 416 3273 τούτοις.

55 3368 203 3383 —Q—

824 3361 832 3370 ο

53 3449 142 3525 inticis
155 3454 299 3510 restituere
316 3453 419 3510 celei.
453 3471 487 3511 ac
507 3456 533 3510 si'
549 3456 603 3529 ipsi
619 3456 728 3527 quidem
743 3472 777 3512 su
797 3473 838 3515 er·
883 3458 1014 3529 personis
1035 3462 1160 3529 sumptus
1182 3457 1211 3510 iu
1234 3473 1285 3512 eos.
1324 3472 1421 3511 uorum
1443 3472 1538 3511 euram
1559 3462 1661 3528 pisunt
1677 3464 1704 3512 et

53 3524 108 3571 stitis
125 3518 251 3576 eiusmodi
273 3522 399 3577 rationes
420 3522 564 3589 subierint,
588 3531 652 3578 tune
674 3542 746 3595 quae
765 3474 838 3580 dicta
908 3532 952 3580 ost
984 3523 1101 3583 notiam
1134 3540 1227 3579 rerum
1260 3474 1499 3594 mahficiorumque
1532 3524 1699 3579 curationem

53 3653 147 3708 notiones
165 3654 349 3721 reddiderint,
374 3664 439 3712 tuuc
461 3656 525 3715 here
595 3676 688 3714 coium
707 3659 839 3714 eiusmodi
890 3664 901 3713 1
976 3659 1038 3714 ciat.
1083 3656 1184 3730 llhiqiie
1208 3659 1279 3714 ειιίοι
1304 3658 1490 3723 timemur,
1515 3667 1547 3713 ut
1567 3675 1639 3728 quoe
1664 3657 1701 3713 all

53 3722 176 3784 quaestioni
190 3722 364 3779 subiciantur
380 3731 462 3796 atque
479 3725 518 3780 aii
533 3726 731 3781 restitutionem
744 3744 838 3783 eorum
882 3727 949 3799 pios
965 3743 1031 3782 usus
1048 3725 1184 3804 destiiiata
1197 3734 1262 3783 sunt
1275 3727 1467 3805 incrementum
1478 3725 1699 3797 velaupmentum

53 3787 219 3857 remittimur
254 3808 325 3846 uoec
389 3810 423 3848 ue
439 3802 589 3865 eapropter
603 3793 699 3849 dehere
712 3811 760 3849 eos
773 3811 838 3849 con-
887 3810 921 3848 ca
940 3794 1011 3849 iant:
1033 3794 1073 3849 ita
1096 3810 1166 3849 enim
1187 3794 1313 3864 quisquis
1330 3809 1386 3865 pro
1405 3809 1512 3848 ammae
1529 3809 1596 3848 suae
1611 3792 1700 3847 saluto

55 3857 73 3905 lt
101 3856 195 3933 stiterit.
264 3859 332 3913 tium
410 3861 444 3915 iis
461 3862 500 3914 aii
519 3860 567 3916 uid
583 3860 763 3932 destruendum
780 3878 838 3917 csse
888 3811 995 3932 αίλόαίιί
1009 3862 1106 3932 facem
1122 3860 1188 3925 vult,
1201 3862 1361 3933 promptius
1374 3859 1495 3940 donabit,
1530 3859 1621 3939 uondo
1635 3876 1699 3914 con·

54 3921 192 4000 credidimus,
215 3927 263 3997 qui
282 3943 377 3981 curam
394 3944 474 3983 vener
514 3929 585 3983 'lium
601 3946 740 3984 xenonum
757 3946 838 3985 noso·
886 3929 956 3998 fisus
975 3928 1066 3998 [νοτίς
1087 3945 1120 3983 ea
1143 3944 1214 4007 puae
1235 3928 1390 3997 offeruntur
1405 3944 1455 4000 pie
1518 3932 1699 4005 nniustratiim

55 4002 172 4045 timorum
191 3993 371 4065 ptochiorum
397 3993 696 4073 orphanotrophiorum
722 3995 837 4068 hrepho·
890 4000 921 4051 1⁸
954 3996 998 4051 iri.
1032 3995 1113 4062 Quod
1128 4012 1151 4051 si
1166 4013 1245 4066 quem
1260 4013 1353 4051 eorum
1366 3996 1513 4066 coutipeii't
1526 3993 1700 4072 αείοιίοιείια-ι

56 4054 194 4134 trophimum
218 4067 400 4133 susceperunt
424 4062 467 4118 uel
490 4064 645 4135 suscipient.
689 4064 786 4134 quihus
811 4070 838 4119 et
889 4064 987 4119 monem
1009 4080 1090 4143 quam
1112 4060 1206 4119 hahuit
1222 4062 1370 4136 deponere,
1392 4062 1529 4140 sancimus
1551 4061 1584 4116 ah
1602 4077 1634 4141 eo
1652 4077 1699 4132 qui

55 4136 103 4199 '1³⁸3‘
121 4142 217 4182 omnem
240 4128 379 4183 licentiam
400 4129 543 4184 adimimus
563 4149 596 4185 ea
617 4148 689 4202 quoe
713 4130 765 4187 sihi
788 4130 837 4186 αιί-
887 4130 1091 4187 eisulistitutus
1104 4132 1195 4201 [ναοῖς
1210 4147 1271 4185 ενοι
1288 4130 1391 4185 domini
1407 4129 1450 4184 dei
1469 4129 1565 4184 timore
1577 4136 1700 4184 rationes

55 4189 838 4335 inlinit‘inmincntiainminentia
886 4198 1295 4336 {minitanti}
1315 4196 1699 4336 tlhtltl'lnlitn

55 4321 74 4372 in
90 4326 150 4381 ilios
170 4331 331 4400 trorisserre,
348 4334 544 4403 praeterquam
565 4333 674 4404 siquid
691 4340 772 4389 antea
788 4332 837 4389 ho·
886 4333 987 4388 immite
1002 4333 1161 4398 substituto,
1198 4331 1255 4388 uod
1270 4332 1381 4387 domino
1398 4332 1448 4386 ileo
1467 4349 1500 4386 eo
1517 4331 1551 4387 de
1567 4347 1598 4385 re
1614 4331 1699 4386 ralio-

57 4388 136 4447 lumi
157 4396 197 4450 iel
217 4407 318 4469 postea
344 4415 362 4452 a
385 4399 546 4470 parentibus
564 4402 677 4472 patruis
696 4400 838 4457 counmilis
890 4404 919 4456 19
953 4416 1014 4455 nem
1030 4398 1131 4455 reddet.
1187 4409 1290 4455 stamus
1301 4406 1458 4471 practerea,
1475 4397 1698 4470 quemadmodum

59 4458 78 4508 11
101 4461 288 4530 siutnhus¹ail
310 4481 358 4521 eos
389 4466 457 4537 quill
473 4468 636 4539 personent.
688 4467 837 4534 Ouoccum·
885 4468 974 4525 sacris
990 4467 1295 4545 canmnhurelefiuitum
1316 4476 1365 4529 ost,
1388 4467 1544 4539 episcopum
1561 4466 1603 4522 vel
1617 4465 1698 4545 chor·

56 4536 164 4588 luicio
186 4531 222 4586 ael
243 4549 277 4587 su
297 4549 332 4587 ra
353 4532 442 4588 dictus
462 4534 625 4590 ommahiles
641 4535 737 4591 domus
749 4536 837 4608 perti-
886 4534 977 4606 episco
998 4551 1043 4589 um
1068 4534 1110 4590 uei
1131 4535 1296 4591 visitatorem
1319 4535 1361 4590 ool
1378 4533 1567 4605 presbyterum
1584 4532 1699 4612 aliumue

56 4600 103 4647 'tetii
125 4613 220 4667 quaem
319 4617 412 4655 carum
444 4602 579 4658 antistites
605 4610 674 4674 post
705 4603 837 4658 eiusmodi
887 4601 963 4657 cuius
1000 4608 1028 4656 et
1044 4601 1187 4680 dipiiitati's
1203 4601 1329 4657 cliricum
1344 4619 1399 4672 per
1413 4601 1586 4679 lai-pitionem
1601 4616 1697 4654 ercan.

57 4672 127 4716 curam
144 4674 293 4738 siiseeptam
300 4676 490 4746 peruenerunt
503 4668 544 4725 uel
555 4669 724 4741 pervenient,
742 4687 776 4726 ia
791 4687 836 4725 ea·
887 4673 919 4723 20
954 4668 1028 4725 llere
1043 4676 1125 4723 etiam
1142 4684 1305 4724 oeconomus
1321 4668 1453 4739 defensor
1466 4667 1594 4722 ecclesiae
1610 4684 1697 4722 ueno-

57 4727 143 4783 unam
162 4734 351 4796 venerabilium
372 4734 514 4791 domorum
536 4754 650 4792 esseae
691 4738 717 4793 ie
739 4738 768 4791 iii
790 4754 837 4795 eos
886 4735 989 4791 ilochus
1014 4752 1177 4791 nosocomus
1205 4735 1427 4808 ptochotrophus
1456 4732 1699 4806 orphanotrophus

59 4794 78 4869 11
105 4798 303 4873 qiiihiiiepunt
318 4800 360 4858 oel
368 4805 622 4876 curantureropari
629 4805 640 4859 ι’
676 4822 757 4860 emus.
775 4803 836 4861 Ma·
886 4803 1106 4882 brephotrophus
1127 4803 1206 4874 quiue
1222 4802 1337 4875 ptochio
1356 4800 1558 4882 praeficiendus
1580 4808 1624 4881 est
1640 4800 1697 4880 lar-

57 4860 159 4927 rtatim
170 4869 238 4921 em'm
254 4879 295 4925 est
306 4886 375 4935 eum,
392 4871 441 4940 qui
456 4871 620 4927 xenodocho
633 4872 675 4928 ool
690 4888 836 4927 nosocomo
885 4871 999 4942 pinariis
1018 4872 1169 4926 interuentu
1192 4871 1259 4939 fiat,
1281 4870 1331 4925 scd
1351 4868 1451 4924 iudicio
1475 4875 1503 4925 et
1522 4872 1698 4938 inqiusittone

59 4925 88 4977 ul
98 4932 291 5008 ptochotropho
314 4936 357 4992 uel
373 4937 601 5017 oiphunotropho
624 4939 691 5010 quid
706 4939 838 5019 relinquit
885 4937 1153 5010 relipiosissiniorum
1186 4938 1245 5016 eius
1268 4937 1332 5017 ,²⁰9⁴
1365 4937 1456 5008 episco
1476 4952 1554 5015 oium
1607 4951 1696 4990 romo-

59 4990 88 5045 ltl
102 4995 177 5055 lomi
193 5003 249 5059 siue
271 5004 300 5059 in
320 5002 435 5083 scriptis
451 5005 508 5061 siue
530 5023 588 5061 sine
603 5007 751 5085 scripturo,
773 5007 837 5062 ideo
886 5009 915 5059 21
953 5014 1054 5086 matur.
1090 5004 1207 5084 Quodsi
1225 5022 1288 5084 quis
1304 5011 1427 5061 inuentus
1441 4955 1531 5074 διανεί
1550 4952 1697 5081 ενδμνσε-

14 5128 15 5137 ,
59 5057 163 5144 ίβθιμί
178 5087 232 5141 per
252 5089 312 5126 cuni
325 5089 374 5143 pie
390 5080 527 5144 crupitur,
550 5074 651 5146 quippe
673 5092 720 5145 qui
737 5074 837 5129 multas
887 5081 965 5129 textu
985 5073 1120 5128 dictarum
1144 5073 1347 5151 ordinationum
1362 5072 1411 5150 pel
1433 5078 1605 5148 curationum
1678 5069 1698 5123 ei

14 5160 15 5167 ι
59 5135 144 5192 nuans
165 5138 317 5194 oceauoiics
342 5138 442 5194 haheat
461 5157 517 5211 per
541 5142 659 5212 eosqui
683 5140 837 5212 suiipsius
886 5140 991 5196 dedisse
1012 5141 1055 5197 ecl
1075 5156 1224 5213 accepisse,
1247 5139 1304 5195 siue
1322 5153 1466 5217 episcopus
1488 5143 1525 5195 sit
1545 5153 1602 5192 siue
1618 5152 1696 5216 ciii·

63 5196 165 5274 11οατα
183 5212 252 5260 sunt.
292 5205 387 5277 Neque
408 5207 509 5263 iustum
530 5214 571 5263 cst
592 5208 676 5274 liunc,
698 5224 769 5279 quae
791 5226 836 5263 ac·
886 5225 949 5273 cus,
976 5216 1031 5263 tom
1056 5208 1164 5262 dantem
1190 5223 1272 5329 phuam
1297 5214 1471 5277 accipientem
1492 5203 1646 5260 sacerdotio
1669 5210 1697 5259 et

62 5268 111 5331 11111
121 5284 202 5323 town
218 5274 391 5345 imumque·
407 5273 456 5329 suh
474 5274 532 5330 eius
548 5291 615 5330 ciera
631 5283 708 5341 sunt,
731 5294 764 5331 cu
780 5293 836 5331 non
886 5276 1014 5329 clericatu
1035 5274 1144 5345 privari
1169 5274 1198 5328 iu
1216 5290 1302 5339 minis,
1326 5279 1524 5352 praeterquam
1548 5270 1624 5342 qnod
1648 5271 1695 5327 do-

62 5339 131 5386 11σοι
143 5336 180 5390 iel
198 5356 253 5410 pro
278 5342 313 5396 iis
337 5358 463 5412 cropore,
484 5341 535 5396 sed
550 5343 581 5397 in
596 5359 675 5398 suum
686 5360 835 5414 personam
886 5346 917 5396 ii
952 5343 1018 5396 niiiii'
1043 5340 1087 5395 dei
1112 5341 1247 5396 uindictae
1270 5340 1416 5417 suhiaceiit.
1457 5337 1507 5418 Sin
1532 5346 1621 5418 autem
1666 5354 1697 5393 er

63 5406 186 5458 tunimo
205 5415 231 5460 et
285 5409 394 5480 oprium
414 5408 478 5464 inde
500 5409 605 5464 lucrum
618 5428 726 5481 parare
742 5408 786 5465 elei
804 5410 836 5464 ti·
882 5414 1061 5489 potronatum
1086 5409 1149 5485 quis
1173 5413 1281 5462 creatiis
1303 5408 1392 5479 suern
1414 5412 1440 5461 et
1462 5404 1625 5486 αίιφιαιίαε
1681 5421 1697 5459 e

66 5462 87 5532 11
110 5481 174 5524 We
187 5425 351 5543 posthinc.
391 5475 457 5542 (litis
479 5477 550 5531 enim
566 5484 615 5542 est,
632 5478 686 5557 qui
703 5477 752 5533 tali
768 5493 836 5531 ciro
884 5484 1008 5554 iiioentus
1030 5475 1130 5545 fuerit,
1161 5482 1283 5554 cucumim
1314 5473 1426 5529 sciero
1459 5489 1541 5529 enimi
1567 5472 1694 5528 iuhemus.

65 5532 180 5592 isim
199 5557 252 5595 non
274 5542 376 5598 idcirco
394 5561 452 5598 eom
476 5561 507 5600 se
531 5560 682 5617 suscepisse
693 5551 782 5623 putet,
804 5550 836 5598 ut
886 5547 917 5597 23
952 5541 1003 5597 Sin
1025 5548 1189 5665 apparuerit
1204 5547 1450 5620 oeconomum'aut
1466 5540 1637 5611 defensorum
1653 5556 1695 5594 ec-

67 5606 107 5647 ⁸⁰⁸
121 5602 195 5659 ‘ilum
212 5626 281 5678 quoe
302 5610 473 5666 euninsecus
494 5612 533 5668 iul
551 5629 581 5667 se
592 5619 765 5683 permitiunt,
787 5610 837 5666 sed
885 5611 983 5666 clasiae
1004 5627 1036 5666 ος
1067 5610 1289 5682 chorepiscopum
1306 5607 1348 5665 iel
1363 5614 1534 5663 circuitorem
1551 5607 1594 5663 uel
1609 5623 1695 5661 neno-

70 5662 91 5710 ¹⁶
114 5674 493 5748 11Μςοοιιιίοηιιαιιίιιιίιιιίςίιι
505 5696 564 5734 eam
574 5679 732 5752 impendat?
750 5677 835 5733 Prae·
884 5676 1001 5733 dochum
1023 5678 1066 5735 uel
1085 5693 1259 5733 nosocomum
1280 5676 1323 5732 vel
1339 5674 1635 5753 ptochotrophumocl
1651 5690 1696 5728 or·

71 5730 123 5784 11111
134 5742 157 5791 el
170 5736 216 5796 hoc
229 5743 358 5811 iuhemus,
381 5754 412 5800 ut
428 5747 453 5800 si
469 5746 537 5817 quid
550 5754 617 5819 post
630 5749 725 5819 factos
742 5746 775 5800 oh
793 5746 836 5800 liis
880 5745 1107 5818 phonotropliuin
1125 5746 1166 5801 iul
1182 5743 1412 5818 brephotrophum
1430 5744 1472 5799 nel
1484 5740 1597 5814 ptochio
1609 5756 1694 5813 prae·

1452 5829 1490 5883 4*

53 3594 98 3637 suit
115 3587 187 3654 fient:
212 3588 256 3644 sin
285 3595 375 3644 autem
401 3589 525 3661 defuncti
525 3592 664 3714 dieucum,
692 3598 839 3664 αοίιηιιιιοι
886 3608 1028 3730 ερμεηιεει
1045 3592 1198 3670 contiqerit,
1215 3590 1246 3646 id
1259 3590 1299 3645 ad
1311 3590 1414 3646 reditus
1426 3590 1627 3662 comparandos
1629 3608 1700 3663 pro·

1517 5071 1523 5082 ι
