3796 6194
830 307 883 383 itt
1600 312 1648 382 m
1671 316 1686 381 t

56 339 91 389 bs
105 332 224 387 1leOEss

5 534 7 551 .
53 504 89 559 iio
101 501 136 556 vel
148 498 292 570 hypotheca
309 514 355 553 seu
372 496 546 553 servitutibus
563 496 605 552 rel
623 512 673 567 pro
690 497 751 553 aliis
769 496 828 567 qui·
878 498 945 555 toris
960 497 1082 554 absentia
1096 496 1139 552 dei
1151 497 1304 566 praesentia
1315 496 1441 566 repletur,
1452 512 1503 580 nec
1516 497 1692 568 pertimescat

5 560 7 627 Ι
53 571 142 627 sudam
157 568 272 634 usibus,
295 582 344 635 pro
367 565 464 646 quibus
487 565 657 620 hominibus¹
681 570 775 620 cerina
799 580 829 621 se
878 565 958 621 iudex
980 566 1167 636 appellationis
1192 566 1374 629 obstaculum,
1391 581 1452 620 cuni
1469 581 1508 630 ei,
1531 567 1577 633 qui
1594 575 1689 622 centu·

52 636 180 706 lic‘gindum
201 639 394 703 est,except1s
417 632 602 688 tantummodo
629 632 733 701 causis,
760 649 829 702 quae
878 634 989 688 maciter
1010 634 1106 688 abesse
1129 633 1263 696 noscitur,
1288 633 1362 687 nulls
1384 641 1425 687 cst
1443 633 1639 703 provocationis
1656 634 1688 689 li·

53 707 77 758 ii
90 705 125 758 iiis
139 703 223 757 tiscdc
239 702 375 770 pertinent
390 701 432 755 vel
455 717 523 769 quae
545 700 581 755 ad
601 700 725 769 publicas
742 700 828 769 respi-
879 702 981 768 oeuus,
1025 701 1078 755 uod
1098 708 1126 756 et
1146 701 1176 755 in
1198 699 1329 755 vetenbus
1353 700 1454 779 iegibus
1477 717 1535 757 esse
1558 706 1690 757 statutum

53 774 109 826 ibit
122 768 271 837 motiones,
288 784 343 825 nori
359 769 430 822 ultra
447 768 556 823 triennii
571 772 658 822 metas
675 773 739 838 post
755 769 829 823 iltem
879 775 895 823 t
929 718 1137 823 mmidemsimi
1159 768 1225 823 iuris
1251 776 1300 822 est.
1340 767 1498 824 Huiusmodi
1522 775 1611 824 autern
1627 785 1689 825 seii·

52 844 200 895 mutabam
221 852 280 892 esse
302 835 510 905 protrahendae:
535 835 583 889 sed
604 851 696 890 omnes
717 835 829 903 iudices,
878 836 964 890 tentia
987 851 1071 905 prope
1093 835 1172 889 finem
1196 834 1303 890 triennii
1324 836 1491 903 proferatur,
1536 853 1566 891 ro
1589 853 1643 905 quo
1661 843 1691 891 st

6 948 7 957 .
51 905 202 961 subhac
224 906 295 960 alma
318 906 384 959 urbe
407 903 513 958 sivein
536 902 680 972 provinciis
702 904 828 958 maiorem
879 910 1048 973 praesentem
1071 904 1156 970 legem
1179 902 1340 957 induximus.
1381 903 1404 957 si
1426 903 1494 958 enim
1557 904 1691 960 anteders

6 1024 7 1027 ,
51 991 86 1029 soii
112 973 229 1026 minorem
256 976 390 1041 peragunt
414 970 684 1036 administrationem,
716 970 771 1023 sive
801 970 829 1024 in
881 980 1013 1040 tempore,
1036 971 1065 1024 in
1088 985 1141 1040 quo
1163 970 1237 1038 larga
1259 970 1386 1038 temporis
1408 976 1531 1039 superest
1553 970 1645 1027 fflatio
1663 978 1691 1026 et

6 1060 7 1095 r
50 1040 220 1109 magistratibus
245 1039 328 1109 positi
354 1044 416 1093 sunt
439 1038 481 1092 vel
507 1054 542 1092 ex
564 1038 627 1091 aula
652 1040 746 1091 nostra
772 1036 831 1091 dati
880 1055 941 1108 spes
958 1038 1063 1093 absenti
1080 1037 1174 1092 relicta
1190 1037 1274 1092 fuerit
1294 1037 1456 1099 revertendi,
1480 1037 1610 1093 alteraba
1625 1055 1690 1118 pars

7 1158 8 1161 ,
50 1110 80 1163 iel
93 1124 107 1161 a
120 1108 213 1161 nostris
230 1106 387 1176 proceribus
405 1104 530 1173 delegati,
552 1121 608 1160 non
632 1120 691 1159 esse
708 1105 747 1159 eis
765 1120 829 1159 con·
881 1105 1032 1170 cessaverit,
1050 1105 1078 1159 in
1095 1107 1154 1159 sola
1168 1120 1343 1173 expensarum
1358 1104 1465 1160 datione
1480 1111 1508 1160 et
1522 1105 1691 1161 absolutione

50 1175 170 1230 oinium
190 1174 304 1229 ultanus
327 1174 388 1228 lites
411 1189 492 1242 quarn
513 1172 622 1227 triennii
650 1171 756 1241 spiti0²
783 1186 829 1227 ex·
880 1173 994 1228 forsitan
1019 1178 1172 1241 praestetur
1196 1173 1317 1242 poenalis
1343 1172 1490 1238 sententia,
1520 1189 1575 1228 uon
1600 1176 1690 1229 autern

49 1243 141 1298 undae
173 1241 223 1296 hoc
239 1241 341 1296 etenim
356 1240 490 1295 iudicialis
507 1240 591 1307 magis
613 1255 671 1293 esse
688 1239 830 1308 potestatis
880 1245 946 1295 tunc
971 1256 1042 1295 mors
1065 1239 1119 1293 litis
1143 1246 1170 1294 et
1187 1238 1371 1294 condemnatio
1395 1240 1423 1294 iu
1445 1240 1584 1295 absentem
1605 1241 1690 1296 intro·

49 1327 107 1365 neno
121 1310 219 1378 estqui
235 1310 354 1378 ignoret:
377 1324 440 1363 nani
456 1308 481 1362 si
497 1306 723 1387 ipsiioluerint³,
740 1307 830 1361 nullus
881 1308 1012 1372 ducatur,
1035 1322 1103 1373 quae
1125 1307 1153 1361 in
1170 1307 1212 1363 bis
1229 1306 1412 1365 tantummodo
1431 1308 1538 1363 casibus
1554 1307 1689 1374 accidunt

9 1382 11 1433 ἶ
49 1386 89 1431 tin
102 1377 183 1430 audax
197 1376 347 1442 invenitur,
372 1376 418 1444 qui
442 1381 528 1444 possit
550 1374 634 1428 invite
651 1373 739 1429 iudice
756 1373 831 1428 litem
882 1381 898 1430 e
924 1375 952 1428 iii
970 1375 1066 1444 quibus
1079 1374 1186 1428 triennii
1201 1373 1334 1429 effluentis
1348 1375 1466 1429 imminet
1480 1374 1603 1430 formido.
1631 1375 1691 1432 Sive

49 1445 211 1513 iprotelare.
252 1444 293 1498 Iit
497 1458 542 1497 ars
559 1442 658 1496 adoris
677 1442 830 1508 cessaverit,
881 1448 971 1496 autem
997 1443 1127 1496 alterutra

1171 1449 1230 1497 arte
1256 1442 1366 1496 absente
1392 1443 1447 1497 sive
1472 1450 1587 1521 utraque
1612 1458 1690 1511 prae·

10 1512 12 1539 ³
49 1518 155 1581 putenm
170 1442 462 1581 multiplicindiiautiiii}
475 1461 537 1564 fens
552 1509 688 1589 fatigetur,
707 1509 830 1589 ettrieii·
881 1516 956 1567 sente
976 1510 1009 1565 lis
1036 1510 1118 1563 fucus
1139 1459 1244 1575 dein,
1268 1525 1359 1564 omnes
1376 1509 1491 1577 indices,
1511 1526 1556 1579 qui
1573 1510 1623 1565 sub
1642 1510 1690 1565 ini·

11 1584 13 1643 ζ
49 1581 76 1635 iii
92 1586 167 1633 metae
188 1588 251 1648 post
273 1579 349 1633 litam
372 1581 547 1632 contestatam
570 1592 622 1629 iam
646 1591 731 1645 prope
749 1578 831 1630 tinem
880 1578 955 1646 perio
980 1584 1072 1631 nostro
1096 1576 1234 1632 consututi
1256 1585 1331 1643 sunt,
1355 1577 1441 1631 sciant
1464 1577 1492 1630 in
1514 1593 1691 1647 expensarum

12 1672 16 1707 ;
50 1648 143 1713 iniant,
164 1654 194 1701 nt
214 1651 364 1701 semenstre
387 1650 492 1714 tempus
520 1649 625 1698 tanturn
654 1644 680 1698 ei
705 1644 830 1713 supersit,
882 1660 965 1699 causa
985 1645 1084 1698 victum
1101 1645 1195 1699 victori
1212 1660 1271 1699 esse
1295 1644 1537 1709 condemnandum,
1562 1653 1691 1715 quantum

50 1714 134 1769 senei
153 1715 203 1769 erit
224 1714 311 1770 ludici
332 1728 381 1782 per
403 1717 573 1767 exsecutores
596 1710 696 1779 negotii
713 1718 831 1765 actorem
880 1729 930 1782 pio
949 1712 1033 1767 solitis
1050 1711 1174 1781 expensis
1192 1711 1277 1766 litium
1293 1712 1433 1773 iuraverit,
1455 1728 1508 1767 nou
1529 1711 1690 1781 ignmmtas,

51 1782 163 1851 innume,
186 1784 283 1850 ‘parte
305 1780 423 1849 fugiente
444 1796 478 1833 ex
500 1794 555 1834 una
567 1786 648 1859 parte
665 1779 765 1834 actoris
783 1782 830 1835 ab·
882 1779 961 1849 quod,
986 1780 1008 1834 si
1025 1778 1077 1834 hoe
1095 1779 1328 1848 praetermiserint,
1351 1779 1360 1833 i
1380 1780 1403 1833 si
1420 1779 1454 1834 de
1471 1781 1581 1848 proprio
1597 1780 1690 1836 huius·

51 1850 136 1904 smdsni
143 1850 336 1904 incusanteet⁸
352 1847 486 1903 iudicibus
503 1846 652 1901 omnimodo
671 1861 735 1900 suas
752 1861 831 1901 aures
882 1847 953 1902 modi
970 1862 1074 1917 poenae
1089 1847 1267 1901 subiacebunt
1281 1855 1309 1901 et
1321 1863 1350 1900 rc
1370 1847 1432 1902 dere
1446 1862 1503 1901 eam
1517 1847 1588 1918 parti
1602 1848 1692 1903 laesae

51 1917 171 1972 luunodi
195 1917 351 1986 quamfioni
373 1915 570 1970 reserantibus:
598 1920 626 1968 ει
651 1912 676 1969 si
700 1929 749 1982 per
774 1918 831 1969 tres
882 1920 896 1968 't
937 1914 1130 1969 coartabuntur
1176 1914 1215 1968 Et
1236 1914 1303 1968 haec
1327 1915 1360 1968 de
1383 1915 1514 1968 alterum
1536 1922 1613 1984 parte
1637 1915 1690 1969 liti·

52 1984 152 2040 riocsbee
164 1985 247 2039 fuerit
259 1985 443 2050 subsecutum,
461 1983 552 2036 decem
565 1981 668 2036 dierum
682 1980 769 2050 spatio
783 1997 833 2051 per
881 1982 1019 2051 gantinm⁷
1039 1981 1233 2036 contumaciter
1249 1982 1359 2037 absente
1376 1982 1453 2037 uobis
1471 1987 1590 2040 statuere
1606 1983 1691 2037 visum

53 2069 77 2106 ui
125 2068 233 2122 nemque
249 2052 393 2107 introitum
410 2050 552 2117 destinato,
571 2056 599 2103 et
614 2048 717 2103 necita
730 2049 832 2104 acuns
882 2055 923 2104 est
956 2048 991 2104 ad
1025 2049 1168 2118 aequitatis
1202 2049 1332 2115 rationein
1367 2049 1455 2104 omnia
1488 2050 1690 2119 corrigentibus.

53 2136 96 2187 piis
139 2120 188 2174 erit
209 2120 323 2174 inserita
342 2126 370 2173 et
385 2133 472 2188 neque
489 2134 538 2187 per
555 2133 584 2172 se
600 2132 687 2197 neque
703 2131 751 2185 per
768 2132 830 2186 pro·
882 2121 898 2171 8
933 2116 980 2171 Sin
997 2126 1086 2170 autem
1103 2122 1216 2186 utraque
1232 2123 1310 2186 parte
1326 2116 1478 2171 imminente
1497 2118 1613 2172 stlitem
1630 2133 1690 2187 per·

56 2192 171 2242 turbium
188 2188 353 2242 instructum
370 2185 534 2256 pervenerit,
558 2190 623 2239 tunc
645 2183 761 2239 iudicem
783 2199 830 2239 ne·
881 2200 960 2252 agere
992 2184 1116 2253 cupiente
1146 2184 1226 2239 iudex
1257 2200 1315 2238 eam
1347 2185 1469 2253 accipere
1500 2185 1617 2241 noluerit
1649 2184 1691 2239 sel

55 2261 78 2307 tr
99 2256 153 2323 getii
174 2264 237 2309 acta
262 2256 336 2309 aud
358 2270 387 2309 se
410 2253 534 2309 confecta
558 2252 727 2321 conspicere:
749 2251 788 2307 Et
808 2251 833 2306 si

11 2332 12 2337 ’
58 2323 128 2389 aba
146 2322 214 2377 nihil
237 2340 273 2378 su
295 2322 377 2377 ‘cieris
395 2322 536 2375 nodutum
552 2326 602 2387 est,
626 2336 659 2375 ex
676 2335 729 2388 quo
746 2319 833 2388 possit

11 2448 12 2453 ,
60 2391 134 2446 bubo
160 2406 260 2446 causae
289 2396 362 2444 certa
388 2389 447 2444 fieri
473 2389 640 2469 contenuit,
666 2403 721 2441 uon
745 2387 832 2442 solum

11 2458 17 2469 '
63 2464 125 2523 prm
145 2458 295 2527 fugientem
317 2458 352 2512 ab
375 2456 562 2512 observatione
583 2454 678 2510 iudicii
701 2455 831 2522 relaxare,

11 2556 12 2559 =
64 2523 166 2579 isidam
188 2526 217 2580 in
241 2541 336 2581 omnes
354 2539 499 2594 expensas,
519 2539 591 2645 guae
608 2526 735 2578 consueto
753 2522 831 2578 modo

64 2591 166 2647 enias
179 2595 380 2663 expenduntur,
397 2606 518 2647 eunicon
537 2606 651 2657 emnare,
666 2605 729 2643 vera
765 2606 831 2644 uan-

60 2659 107 2713 tus
123 2677 211 2714 urum
235 2667 406 2715 sacramento
428 2658 554 2726 fugienda
583 2606 779 2713 manifestanda
805 2664 833 2711 et

58 2726 102 2780 inii
122 2730 236 2797 uutela,
264 2743 344 2797 quarn
367 2743 448 2797 super
470 2727 518 2780 lite
539 2741 602 2780 reus
620 2725 752 2794 exposuit,
771 2724 831 2779 red·

55 2792 124 2848 iudi:
145 2812 213 2866 quae
239 2803 270 2851 ει
293 2795 316 2850 si
342 2794 513 2860 remanserit,
539 2794 640 2850 viribus
663 2793 831 2848 vacuabitur.

54 2859 75 2911 tt
98 2862 137 2916 Sin
151 2871 241 2917 autem
260 2879 295 2917 ex
312 2862 394 2931 gestis
411 2862 484 2930 apud
501 2876 531 2916 se
548 2861 647 2915 habitis
663 2868 740 2930 parte
757 2866 832 2915 acto-

53 2928 188 2985 n'sminime
213 2932 326 2986 inventa
351 2930 438 2998 possit
463 2927 581 2984 insenue
607 2929 688 2997 vum,
720 2943 753 2982 ex
779 2943 833 2997 qua

52 2997 190 3053 milleium
207 2999 234 3053 el
251 2998 304 3052 fiat
338 2997 401 3066 quid
418 2995 587 3051 statuendum
605 2996 653 3062 sit,
677 3000 705 3050 et
720 2996 833 3050 absente

5 3070 17 3133 ,ζ
52 3072 126 3130 nure,
141 3067 163 3120 si
180 3083 241 3120 curii
260 3039 396 3120 meiiorem
414 3080 522 3118 causam
540 3063 640 3118 habere
657 3064 831 3133 perspexerit,

12 3164 13 3169 .
51 3145 86 3195 pro
99 3145 125 3185 eo
140 3134 208 3188 ferre
225 3133 389 3189 sententiam
409 3148 464 3187 non
485 3134 603 3185 moretur
620 3138 648 3185 et
664 3136 833 3211 praesentem

11 3236 16 3251 .
50 3211 105 3250 rein
122 3201 223 3256 absenti
245 3201 334 3255 actori
352 3199 542 3266 condemnare,
568 3213 691 3267 expensis
714 3203 832 3252 tantum·

7 3256 18 3333 ξ
50 3265 108 3318 nodo
121 3266 171 3323 litis
207 3284 279 3338 qaas
301 3283 364 3322 reris
386 3266 503 3335 legitime
525 3282 556 3322 se
576 3266 737 3335 expendisse
759 3266 831 3320 iura·

11 3332 12 3349 ²
50 3331 105 3397 ruit,
120 3310 336 3391 condemnatione
354 3334 530 3404 excipiendis,
552 3334 616 3402 quia
631 3334 703 3388 banc
720 3348 833 3402 poenam

51 3400 115 3453 uteri
133 3404 175 3456 et·
197 3403 338 3457 meliorem
361 3417 469 3456 musam
489 3402 599 3457 habenti
621 3405 730 3523 proQter
747 3401 833 3456 solam

617 3485 639 3523 s.
679 3498 693 3524 i

10 3506 16 3543 :
51 3468 73 3516 it
97 3469 224 3525 absentiae
252 3470 448 3525 contumaciam
470 3469 616 3538 imponimu

10 3552 16 3571 r
49 3538 104 3588 nitu
117 3537 141 3590 ei
155 3553 281 3606 regressu
298 3539 333 3591 ad
350 3538 458 3592 eandem
476 3535 548 3590 litem
567 3536 760 3591 conservando:
785 3537 833 3593 sed

10 3644 19 3665 ,
50 3606 108 3654 ictor
126 3610 268 3660 contumax
292 3605 372 3659 cadat
395 3602 545 3658 omnimodo
568 3603 627 3670 lite,
651 3604 675 3658 si
697 3620 760 3659 reiis
783 3605 831 3658 ab·

707 3470 761 3522 ullo
785 3485 832 3537 pe·

49 3669 152 3726 nivem:
175 3675 218 3728 sin
240 3688 303 3727 vero
327 3672 416 3740 aliqua
439 3671 623 3725 condemnatio
648 3677 742 3725 contra
758 3688 833 3728 reum

50 3749 85 3800 pre
102 3739 203 3796 absente
225 3743 321 3794 actore
342 3740 509 3807 proferatur,
538 3754 617 3807 quam
644 3739 757 3795 forsitan
778 3755 832 3795 nou

49 3802 198 3861 inffideuum
232 3806 287 3863 sibi
317 3812 393 3861 actor
425 3806 558 3874 putaverit
587 3806 726 3874 fugitivus,
758 3807 832 3862 nullo

49 3870 108 3924 uode
127 3873 220 3929 iterum
243 3873 355 3928 eandem
377 3874 451 3927 litem
472 3874 634 3928 resuscitare
652 3876 831 3930 concedimus.

10 3996 16 4009 Ι
50 3939 61 3985 i
85 3946 107 3991 et
127 3941 190 3997 baec
212 3942 322 4013 quidem
343 3957 431 4009 poena
449 3942 536 3995 actori
551 3942 600 3995 fiat
616 3941 749 4011 imposita.
786 3943 834 3998 Sin

9 4012 16 4057 ἑ
50 4007 118 4083 subm
133 4025 191 4064 reiis
208 4009 310 4064 afuerit
332 4015 360 4063 et
380 4009 473 4063 similis
491 4009 548 4063 eius
565 4010 728 4077 processerit
744 4011 833 4080 requi·

10 4080 15 4123 ¹.
51 4076 107 4148 sebo,
126 4076 343 4144 quemamodum
365 4092 414 4157 pro
435 4092 552 4156 persona
574 4076 674 4130 actoris
695 4077 832 4145 ediximus,

51 4142 110 4193 tbsn
125 4143 231 4199 absente
250 4160 282 4199 eo
300 4144 487 4198 eremodiciuin
506 4144 680 4198 contrahatur
701 4154 728 4200 et
744 4145 832 4213 iudex,

14 4208 18 4217 '
51 4210 170 4263 scendum
195 4212 268 4281 quod
293 4211 426 4265 vetedbus
451 4210 553 4278 legibus
580 4219 689 4266 cautum
715 4218 767 4281 est,
799 4229 834 4268 err

9 4300 10 4319 i
52 4286 91 4326 ius
107 4282 177 4344 parte
200 4295 262 4334 cum
280 4278 353 4333 omni
370 4278 518 4333 subtilitate
537 4293 644 4333 causam
660 4280 781 4348 requirat
797 4286 833 4349 et,

8 4386 12 4399 .
52 4338 196 4401 siminus
213 4346 297 4401 fuerit
312 4345 446 4414 inventus,
464 4350 491 4400 et
508 4352 603 4400 contra
619 4349 757 4402 absentem
770 4365 833 4418 pro·

6 4440 13 4453 ·
52 4420 104 4463 utre
118 4413 358 4469 condemnationem
374 4429 430 4467 non
448 4419 546 4479 cesset,
573 4430 642 4481 quae
658 4414 693 4469 ad
710 4416 834 4470 effectum

52 4475 203 4553 ermestun
220 4486 248 4537 et
259 4498 313 4564 per
329 4497 374 4536 res
390 4488 418 4535 et
434 4481 576 4535 facultates
593 4481 721 4549 fugientis
738 4483 834 4538 victori

53 4545 154 4612 mitit,
178 4550 233 4606 sire
257 4563 317 4629 ipse
342 4549 421 4603 iudex
445 4564 479 4602 ex
503 4564 554 4603 sua
574 4549 757 4605 iurisdictione
781 4551 833 4605 boc

52 4605 119 4667 boue
134 4622 233 4683 potest,
255 4632 312 4672 sive
333 4632 382 4685 per
398 4614 553 4670 relationem
570 4616 605 4669 ad
621 4618 747 4671 maiorem
764 4618 832 4673 iudi·

54 4689 94 4729 itm
111 4679 159 4737 boe
179 4684 312 4739 referatur
336 4692 363 4737 et
385 4700 419 4738 ex
436 4699 468 4738 eo
486 4683 602 4750 legitima
618 4685 660 4738 via
678 4690 772 4740 corius
787 4701 832 4740 res

54 4752 191 4806 contemnis
207 4752 358 4820 aperiatur:
382 4752 456 4805 nuda
478 4750 587 4804 beentia
610 4752 634 4806 ei
651 4753 693 4806 vel
709 4752 755 4806 alii
771 4768 832 4820 per·

53 4823 125 4884 seiam
145 4817 199 4872 eius
221 4820 306 4874 solam
329 4818 514 4887 praetendenti
539 4818 709 4873 concedenda
726 4828 832 4874 conua-

53 4874 145 4948 iltendi,
170 4900 228 4940 cnm
253 4884 282 4941 in
303 4886 498 4954 possessionem
522 4900 556 4939 ex
577 4886 729 4942 huiusmodi
750 4902 833 4942 causa

6 4992 7 5013 ,
54 4956 110 4999 esur
130 4952 252 5008 mittitur:
278 4969 330 5008 nec
355 4954 378 5008 si
404 4968 525 5007 reversus
554 4952 639 5007 fuerit
668 4962 696 5008 et
720 4953 833 5009 voluerit

54 5006 208 5086 fideiussiones
232 5021 297 5074 dure
320 5026 348 5074 et
369 5020 564 5090 possessionem
586 5036 760 5090 recuperare,
783 5037 831 5076 au·

55 5074 134 5136 duum
155 5086 182 5140 in
197 5088 348 5142 huiusmodi
365 5088 464 5142 etenim
481 5087 588 5142 casibus
605 5104 708 5144 omnem
726 5090 751 5143 ei
768 5104 831 5143 ceu·

56 5147 73 5220 i,
87 5151 269 5223 ,mononem
295 5155 469 5209 excludimus.
513 5154 579 5208 Cum
610 5162 699 5211 autem
730 5172 831 5211 eremo·

55 5206 131 5296 duum
152 5222 290 5276 renuistur
323 5223 378 5277 sive
409 5238 459 5291 pro
490 5228 584 5277 actore
615 5225 670 5277 sive
700 5238 750 5292 pro
775 5238 831 5287 reo,

56 5287 186 5359 ωξιιεειίο
200 5290 258 5344 sine
274 5289 331 5344 ullo
345 5289 485 5344 obstaculo
498 5289 654 5344 celebretur.
687 5291 831 5345 cumcuim

56 5348 162 5407 terribiles
180 5356 206 5411 iii
227 5356 316 5411 medio
341 5363 529 5426 proponuntur
557 5358 718 5427 scripturae,
745 5357 830 5427 litiga·

58 5516 323 5588 illacrimantibus
341 5522 406 5577 Pcii
507 5528 541 5587 ti)
564 5525 668 5576 triennii
689 5526 770 5593 spatio
791 5523 830 5589 C',

58 5584 167 5664 burim
181 5594 288 5658 patimur
297 5589 377 5643 wa
427 5593 462 5657 (e)
478 5592 671 5646 uolucriutedd.
723 5595 829 5658 (ricius-

60 5656 96 5719 (Ν
108 5671 145 5730 ιιι.
162 5658 183 5709 Ρ
249 5664 284 5725 (5)
301 5663 327 5711 et
342 5678 388 5711 ess.
407 5659 433 5709 P
503 5667 538 5722 (ι)
555 5664 581 5711 et
598 5679 641 5712 om.
659 5661 686 5712 P
755 5663 788 5726 (t)
805 5665 831 5711 et

62 5728 95 5763 Ν·
108 5718 157 5775 libi
215 5731 249 5794 is)
265 5725 374 5793 gnum
391 5727 451 5781 iibri
514 5730 552 5794 (s)
567 5730 603 5781 sic
620 5729 666 5796 1²⁸,
682 5727 759 5781 simili
773 5726 834 5783 PC

881 2258 992 2321 prepter
1014 2252 1145 2307 amicitias
1168 2253 1211 2306 sel
1231 2251 1382 2306 inimicitias
1400 2254 1441 2306 rel
1458 2253 1605 2321 turpissimi
1622 2253 1690 2308 lucri

881 2320 987 2388 gratia⁸
1007 2320 1051 2398 rel
1065 2335 1115 2388 per
1131 2319 1204 2374 aliud
1221 2320 1362 2440 quicffluani
1380 2319 1487 2400 vitiuin²
1511 2319 1582 2388 qnod
1599 2321 1690 2375 miser·

881 2387 955 2443 rimis
972 2387 1066 2441 animis
1084 2388 1235 2442 huiusmodi
1252 2388 1279 2441 iii
1299 2389 1368 2441 'cuin
1385 2387 1488 2442 innasci
1504 2392 1601 2456 potest,
1618 2387 1691 2445 litem

881 2456 891 2509 i
911 2472 939 2511 se
956 2469 1038 2510 ausus
1056 2455 1138 2509 fuerit
1154 2455 1286 2523 protelare
1305 2462 1332 2509 et
1348 2460 1459 2537 propter
1478 2454 1530 2509 boc
1547 2455 1691 2510 tnennium

893 2523 963 2580 uerit
987 2529 1165 2588 transactum,
1192 2523 1284 2586 iudex,
1311 2523 1334 2576 si
1359 2521 1464 2589 quidem
1484 2522 1512 2575 iii
1596 2523 1692 2577 ‘tratu

882 2592 985 2660 positus
1002 2599 1043 2645 est
1059 2592 1101 2646 vel
1116 2592 1145 2645 in
1161 2590 1262 2645 maiore
1280 2588 1406 2658 dignitate
1424 2589 1558 2659 usquead
1575 2590 1581 2603 '
1603 2596 1690 2645 ustra·

880 2666 926 2713 tus
975 2658 1062 2721 adum,
1084 2658 1175 2713 decern
1192 2659 1274 2713 libras
1292 2658 1352 2712 auri
1367 2657 1477 2778 puratis
1494 2658 1593 2713 nostru
1611 2657 1690 2725 largi·

882 2726 947 2781 tioni
967 2742 999 2781 us
1020 2727 1118 2781 inferre
1135 2742 1184 2795 per
1202 2727 1322 2780 scholam
1339 2741 1374 2795 pa
1385 2734 1484 2779 aunam
1502 2727 1690 2794 compellatur:

882 2794 923 2848 sin
946 2798 1036 2849 autern
1059 2793 1139 2848 iudex
1161 2793 1248 2847 minor
1270 2792 1365 2857 fuerit,
1387 2793 1466 2846 trium
1488 2792 1615 2848 librarum
1633 2792 1691 2847 auri

883 2861 966 2915 multa
991 2862 1124 2931 plectetur
1149 2877 1198 2929 per
1224 2861 1335 2916 undem
1361 2860 1479 2916 scholam
1509 2859 1638 2928 exigenda
1664 2867 1692 2914 et

882 2934 974 2984 nostro
1002 2929 1105 2983 amatio
1132 2929 1307 3009 applicanda,
1333 2934 1361 2984 et
1383 2945 1414 2983 eo
1437 2926 1595 2983 removendo
1622 2927 1690 2983 alter

882 2995 962 3051 iudex
978 2996 1006 3050 in
1024 2997 1111 3052 locum
1130 3012 1187 3051 uus
1204 2996 1364 3064 subrogetur
1381 2997 1431 3051 sub
1455 2996 1565 3051 similist
1587 3011 1692 3067 peeiise

882 3064 1036 3119 formidine:
1054 3064 1096 3118 bis
1113 3064 1236 3119 omnibus
1251 3064 1339 3118 locum
1354 3063 1522 3130 habentibus,
1542 3081 1603 3121 cuni
1622 3079 1690 3121 unus

883 3136 918 3186 tiu
950 3131 1031 3187 iudex
1057 3147 1161 3186 omnem
1187 3146 1296 3185 causam
1321 3133 1356 3185 ab
1382 3131 1458 3185 initio
1481 3137 1600 3201 peragat
1643 3132 1691 3187 Sin

883 3207 972 3254 autem
993 3200 1021 3253 iri
1043 3198 1129 3254 medio
1152 3198 1267 3253 triennio
1285 3199 1327 3253 iel
1352 3207 1438 3253 morte
1461 3199 1556 3253 iudicis
1573 3201 1615 3255 iel
1637 3201 1691 3255 alis

882 3266 1057 3347 irrecusabili
1072 3266 1218 3348 occasione·
1226 3265 1353 3320 iudiciuin
1366 3267 1449 3321 fuerit
1461 3272 1600 3334 mutatum,
1616 3274 1690 3350 tuuc.

882 3335 1045 3482 isitii.
1062 3334 1691 3481 iiolbbmfuiiilirbiimbublistmlhii

883 3470 1013 3538 reliquum
1036 3476 1141 3538 tempus
1164 3484 1246 3523 caiisa
1271 3468 1393 3523 finiatur:
1420 3485 1462 3523 sin
1487 3473 1577 3523 autern
1603 3469 1690 3526 miuus

882 3553 963 3607 quam
985 3537 1082 3590 minale
1104 3536 1152 3601 sit,
1175 3544 1241 3591 tunc
1263 3551 1341 3591 omne
1363 3535 1434 3606 qued
1455 3536 1530 3591 deest
1546 3537 1689 3606 repleatur,

882 3613 913 3660 ut
935 3620 989 3658 nori
1005 3604 1034 3657 iii
1051 3603 1153 3658 minere
1169 3604 1283 3673 perfecti
1298 3603 1363 3658 anui
1379 3612 1498 3672 tempore
1515 3604 1587 3659 litem
1604 3606 1692 3685 possit

882 3673 1044 3739 subrogatus
1073 3671 1153 3726 iudex
1183 3677 1238 3725 tam
1268 3670 1401 3727 discutere
1431 3686 1510 3740 quam
1539 3680 1689 3727 terminare.

883 3743 899 3793 e
933 3739 982 3794 illo
1006 3739 1101 3808 procul
1122 3738 1204 3793 dubio
1227 3738 1407 3804 observando,
1426 3744 1469 3803 ut,
1492 3739 1516 3794 si
1539 3754 1626 3808 neque
1642 3756 1691 3810 per

883 3807 1039 3861 alterium
1062 3805 1221 3875 litigantium
1244 3810 1349 3874 partein
1371 3805 1412 3860 vel
1433 3821 1482 3875 per
1505 3806 1619 3861 iudicem
1636 3815 1689 3862 ste·

883 3875 960 3937 terit,
987 3874 1127 3942 quominus
1153 3873 1186 3928 lis
1212 3890 1260 3928 suo
1286 3874 1375 3927 Marte
1401 3872 1537 3939 decurrat,
1569 3873 1617 3928 scd
1642 3890 1691 3943 per

883 3947 1011 4013 patronos
1029 3956 1178 4008 musarum,
1195 3940 1303 3995 Ηεεειίε
1320 3940 1399 3994 detur
1414 3940 1498 3995 iudici
1515 3945 1543 3995 et
1559 3956 1606 3996 ees
1623 3941 1689 3997 dua·

883 4026 943 4065 rum
959 4009 1086 4063 librarum
1103 4009 1163 4062 auri
1179 4023 1266 4078 poena
1282 4008 1398 4063 adficere
1414 4024 1463 4076 per
1480 4008 1598 4063 scholam
1614 4009 1689 4078 pala·

883 4076 967 4131 duam
989 4075 1120 4146 exigenda
1141 4083 1168 4131 et
1190 4075 1312 4130 similiter
1333 4075 1448 4145 publicis
1470 4076 1619 4131 rationibus
1642 4077 1689 4131 ad·

882 4144 1030 4214 gregands,
1054 4144 1112 4264 ipso
1130 4142 1253 4199 videlicet
1273 4142 1361 4198 iudice
1378 4142 1407 4197 in
1423 4159 1472 4198 sua
1489 4142 1621 4199 sententia
1637 4145 1690 4200 bec

882 4215 892 4267 i
911 4227 970 4266 sum
992 4212 1064 4267 marii
1076 4216 1195 4280 εειεηιε,
1236 4210 1290 4265 uod
1312 4227 1361 4280 per
1382 4217 1510 4280 patronos
1534 4226 1632 4266 musae
1649 4212 1691 4267 iel

895 4281 1009 4347 umentis
1026 4279 1068 4334 vel
1088 4282 1191 4347 agentis
1215 4228 1305 4334 dilatio
1328 4279 1402 4333 facts
1418 4286 1459 4333 est
1475 4278 1516 4333 sel
1533 4294 1582 4348 per
1598 4294 1690 4336 omnes

882 4349 925 4403 vel
952 4348 1078 4416 quosdam
1104 4363 1137 4400 ex
1162 4349 1217 4404 his:
1249 4346 1409 4402 necessitate
1441 4345 1578 4400 advocatis
1603 4346 1689 4416 impe·

883 4416 984 4481 nenda,
1009 4431 1043 4469 ex
1064 4431 1118 4496 quo
1139 4414 1212 4471 litem
1235 4412 1613 4535 peragendamtsusceperint,
1630 4429 1690 4467 eam

883 4483 1196 4617 lietbertus
1214 4481 1690 4626 teretinatibus

883 4617 987 4697 idatio:
1005 4590 1156 4672 honorariis
1174 4616 1307 4697 sciliceta
1322 4615 1473 4696 clientibus,
1491 4615 1537 4684 qui
1549 4615 1689 4696 darepos·

883 4690 950 4751 sirit,
974 4684 1155 4740 disertissimis
1173 4688 1271 4752 togatis
1295 4683 1445 4738 omnimodo
1467 4681 1636 4751 praestandis
1653 4690 1689 4750 et,

883 4752 907 4807 si
923 4752 1092 4817 cessaverint,
1110 4768 1159 4821 per
1176 4758 1348 4807 exsecutores
1363 4750 1529 4819 negotiorum
1545 4749 1689 4817 exigendis.

883 4834 917 4874 ne
939 4825 967 4873 et
987 4836 1034 4890 per
1057 4819 1208 4873 huiusmodi
1230 4817 1454 4873 machinationem
1478 4832 1574 4872 musae
1595 4816 1690 4872 merita

882 4889 1085 4956 protrahantur,
1109 4887 1161 4941 nisi
1183 4887 1241 4955 ipse
1263 4885 1382 4965 litigator
1406 4885 1486 4938 aliurn
1503 4900 1553 4952 pre
1571 4884 1624 4939 alio
1641 4899 1689 4953 pa·

885 4959 915 5008 10
957 4960 1065 5009 tronum
1090 4954 1185 5022 eligere
1211 4954 1343 5007 maluerit
1385 4951 1461 5006 Haec
1485 4958 1575 5005 autern
1600 4951 1690 5005 emnia

882 5022 941 5076 in¹⁰
963 5022 1005 5076 bis
1027 5022 1105 5077 nobis
1123 5024 1202 5074 cauta
1219 5025 1296 5085 sunt,
1321 5019 1417 5086 quibus
1440 5019 1575 5098 perfectae
1592 5017 1690 5097 aetatis

884 5088 1035 5144 concitatis
1060 5089 1199 5144 arbitrium
1225 5103 1303 5141 suum
1336 5103 1385 5154 pro
1418 5089 1540 5142 omnibus
1572 5088 1690 5139 εειιειεῑι

884 5162 910 5210 lt
958 5155 1066 5211 sufficit.
1111 5156 1160 5210 Sin
1186 5171 1246 5209 vero
1274 5168 1372 5207 musae
1398 5154 1440 5207 iel
1462 5151 1625 5230 pupillorum
1648 5152 1689 5205 sel

882 5223 1033 5278 adultorum
1054 5223 1109 5277 sint
1124 5223 1166 5277 vel
1187 5221 1300 5276 afiorum
1318 5221 1368 5275 sub
1387 5235 1452 5273 cura
1469 5227 1603 5286 manuum
1621 5234 1690 5274 mas·

882 5290 1002 5345 culorum
1027 5291 1068 5343 vel
1090 5289 1257 5354 feminarum,
1281 5290 1343 5342 ut'²
1367 5303 1415 5356 per
1432 5290 1535 5341 tutores
1551 5286 1593 5339 vel
1612 5301 1689 5340 cura·

881 5362 954 5412 tores
972 5357 1136 5412 selectores
1153 5357 1194 5411 vel
1212 5360 1401 5425 procuratores
1409 5356 1430 5388 ¹³
1453 5369 1545 5409 eorum
1566 5358 1689 5423 agantur,

1288 5462 1356 5468 m..
1618 5461 1689 5468 .-.--

881 5528 927 5589 (ιο)
943 5524 1087 5575 bominibus
1105 5528 1150 5578 ias.
1168 5525 1199 5587 P,
1221 5523 1336 5575 omuibus
1357 5525 1403 5576 iar.
1420 5523 1446 5577 L
1546 5526 1589 5586 (ιι)
1605 5525 1643 5575 sic
1660 5521 1685 5572 P

881 5593 963 5644 causis
980 5597 1024 5645 orii.
1044 5591 1087 5645 cri
1152 5594 1198 5657 (ii)
1217 5598 1247 5645 ut
1264 5590 1315 5657 cri,
1331 5594 1358 5645 et
1374 5591 1401 5645 P
1464 5594 1510 5657 (is)
1528 5589 1568 5642 rel
1583 5593 1633 5644 sot
1649 5603 1679 5641 se

879 5676 947 5727 proc.
964 5679 1010 5712 esi.
1027 5660 1053 5715 P

1457 5811 1488 5866 tt
