3802 6196
28 290 68 339 os
86 284 192 353 noum,
212 286 310 348 quan
328 287 459 339 nmsms
504 276 506 279 ’
821 260 892 340 ,259
1513 274 1557 340 VI
1579 278 1629 340 60.
1652 278 1690 341 st

27 455 82 512 iliis
97 453 273 510 eonsdwtnm
290 456 341 522 eat,
383 453 531 510 raemium¹
553 454 771 511 manumissionis
784 468 831 510 ao·
881 454 996 522 coniuge
1021 454 1158 534 reiquae
1183 456 1279 511 meruit
1304 461 1470 523 reservetur,
1501 467 1613 527 parente
1643 474 1694 529 pro

27 525 111 593 cipiet,
134 522 175 576 sei
196 522 222 577 si
241 536 278 576 ex
296 470 417 593 plurilus
434 523 534 578 alteros
550 522 715 578 manumittit
732 523 831 578 alteros
881 522 1101 643 emancipationis
1118 523 1198 577 ιιιιιιι
1218 524 1361 589 beneficio,
1385 524 1410 579 si
1426 525 1553 591 voluerit,
1577 527 1650 582 sicut
1666 529 1694 583 in

26 592 126 656 ιιιιιιιι,
156 605 190 644 ex
219 596 304 659 parte
331 591 554 647 manumissorum
580 591 726 659 legitimum
751 605 830 660 prae·
881 594 1009 645 materus
1027 591 1108 645 rebus
1123 592 1165 645 rel
1182 607 1252 660 quae
1269 608 1318 662 per
1335 592 1446 665 eandem
1462 594 1560 649 bucam
1575 596 1693 661 veniunt,

26 659 123 722 mium¹,
143 673 177 713 ex
199 664 281 726 parte
298 672 361 713 vero
383 658 412 716 in
432 662 567 728 potestate
584 661 749 717 manentium
766 658 831 713 reti·
881 658 1027 727 praemium
1044 658 1178 714 habituro.
1207 658 1240 713 Ι).
1254 675 1277 714 x
1291 659 1318 714 lc.
1329 659 1436 716 Mart.¹¹
1455 662 1546 718 Felice
1559 670 1587 718 et
1601 662 1693 718 Tauro

26 734 39 780 s
68 732 219 780 uenturum
231 725 363 782 ivnomm.
389 726 631 795 Quodsiuepotes
641 727 696 781 sint
705 732 832 798 neptesve
882 742 970 780 conss.
1579 736 1614 796 [a.
1631 735 1693 796 428]

25 801 66 848 sut
80 808 112 848 ex
128 793 303 863 emancipato
319 794 376 850 iilio
393 802 441 848 aut
458 809 492 849 ex
509 793 565 848 iilia
602 795 719 850 rooreati
733 800 782 850 ant
795 795 831 849 ab
916 790 934 851 3
956 792 1054 848 ”tuem
1071 795 1127 848 ΛΑ.
1146 794 1290 851 llorentio
1307 813 1358 868 pp.
1398 796 1476 865 Quod
1498 797 1573 853 scitis
1596 798 1693 866 priori·

24 863 76 930 ipso
100 862 158 915 avia
183 860 294 916 vivente
319 862 404 916 sacrm
427 862 544 928 dimissi,
566 810 637 917 idem
659 878 725 918 arus
747 861 831 917 virilis
881 862 933 916 bus
951 861 1105 916 continetur
1121 878 1172 917 nec
1196 862 1286 917 afilia
1303 879 1374 933 quae
1390 864 1419 918 in
1436 868 1570 933 potestate
1587 872 1628 921 est
1645 866 1693 923 do·

24 945 77 983 cum
97 929 162 999 ipsis
184 929 323 997 pordonis
345 929 446 986 habeat
467 945 546 986 ιιιιιιιι
564 930 692 985 trucum.
728 930 831 986 sivero
881 929 1019 985 nationem
1038 935 1103 984 ante
1125 931 1235 1000 nuptias
1256 932 1327 1000 patri
1350 948 1400 986 uec
1424 949 1441 986 a
1463 933 1518 988 filio
1540 933 1629 988 dotem
1645 934 1695 989 ad·

24 1012 52 1051 ex
67 996 208 1067 nepotibus
226 998 391 1066 neptibusue
408 1004 536 1068 tempore,
559 999 658 1066 quoin
676 998 752 1054 aviae
769 1012 831 1054 suc·
881 996 965 1065 quiri,
998 1013 1030 1053 eo
1057 996 1149 1053 addito
1176 999 1378 1064 confirmamus,
1412 1006 1455 1067 ut,
1488 1001 1621 1057 defunctis
1651 1002 1694 1057 his

24 1066 158 1119 cessionem
180 1070 333 1131 vocantur,
357 1065 404 1119 alii
425 1065 454 1120 in
477 1066 519 1120 avi
542 1070 608 1121 sunt
629 1070 778 1135 potestate
802 1065 831 1120 id
881 1064 970 1120 adhuc
987 1065 1017 1120 in
1033 1071 1169 1134 potestate
1185 1067 1284 1135 patris,
1308 1067 1331 1122 si
1354 1067 1446 1123 liberis
1465 1070 1620 1125 extantibus
1637 1086 1694 1124 mo·

22 1140 59 1185 est
73 1133 159 1186 mariti
177 1132 336 1199 defunctae,
355 1133 400 1188 aiii
417 1133 460 1188 sui
476 1133 543 1188 iuris
561 1134 623 1199 siut
648 1134 721 1189 circa
737 1148 831 1204 porso-
881 1132 1000 1199 dantur,
1024 1134 1060 1188 ad
1082 1133 1182 1189 liberos
1204 1150 1297 1189 corum
1318 1136 1427 1190 eaedem
1449 1152 1493 1191 res
1513 1137 1572 1191 iure
1589 1135 1694 1192 heredi-

22 1214 76 1253 nam
97 1200 204 1268 quidem
228 1216 334 1265 eorum,
358 1201 405 1270 qui
426 1202 455 1255 in
474 1205 608 1270 potestate
626 1203 786 1267 consistunt,
804 1205 832 1255 et
881 1200 960 1265 tatis,
984 1214 1040 1256 non
1059 1201 1095 1255 ad
1112 1208 1204 1271 patres
1220 1202 1279 1256 iure
1297 1204 1394 1272 peculii
1411 1204 1628 1260 transmittantur
1645 1221 1696 1261 nec

22 1269 46 1321 iu
74 1283 123 1349 usu
136 1268 249 1368 ⁸fructu
276 1269 473 1351 ,consequendo
505 1276 533 1324 et
555 1269 585 1324 in
611 1269 831 1339 emancipationis
882 1274 895 1351 ‚¹
932 1283 982 1337 per
998 1272 1111 1338 nepotes
1125 1285 1176 1325 avo
1189 1271 1312 1353 sidolicet
1327 1271 1517 1341 adquirendae.
1545 1272 1592 1327 Sin
1605 1277 1696 1329 autem

21 1337 831 1475 tistutitttiitrtil,elabentis
881 1335 959 1484 lib
975 1352 1059 1459 biit
1076 1339 1695 1487 ,iiiiiiituil,ttittliiit'tlt

22 1470 158 1526 ttructus
185 1472 192 1484 '
229 1472 255 1525 is
269 1472 341 1525 inter
354 1488 401 1527 eos
413 1472 544 1542 portionis
558 1473 701 1528 habeatur.
729 1473 832 1528 Eadem
882 1487 969 1538 mum,
997 1488 1066 1541 quae
1090 1473 1125 1528 ad
1150 1490 1238 1543 1psum
1261 1490 1294 1529 ex
1317 1480 1403 1529 matre
1420 1477 1461 1530 vel
1485 1476 1520 1530 ab
1543 1477 1600 1532 eius
1623 1477 1696 1533 buca

22 1543 101 1591 ιιιιιιι
118 1542 145 1593 et
162 1539 197 1594 de
215 1540 415 1608 pronepotibus
432 1556 513 1596 sexus
529 1542 671 1611 utriusque
688 1540 832 1608 renelmus,
881 1547 1074 1620 pervenerunt,
1100 1557 1156 1596 non
1181 1542 1217 1595 ad
1242 1558 1332 1608 avum,
1365 1542 1413 1597 sed
1438 1544 1474 1598 ad
1506 1550 1612 1647 patrem
1637 1546 1695 1601 eiua

22 1610 134 1661 manente
160 1606 337 1674 delinitione,
364 1622 435 1677 quae
460 1608 494 1662 de
520 1608 542 1663 ι’
598 1609 632 1664 lia
655 1611 759 1665 sancita
782 1612 831 1675 est,
882 1614 1035 1676 pervemat:
1062 1624 1114 1663 usu
1140 1609 1231 1665 fructu
1256 1610 1381 1665 videlicet
1407 1617 1435 1664 et
1460 1612 1504 1666 iu¹
1543 1612 1697 1669 huiuamodi

22 1673 106 1727 sitiiii
126 1675 181 1728 sint
226 1676 314 1730 ariter
334 1689 367 1730 ac
391 1682 510 1747 nepotes.
584 1719 590 1731 .
619 1691 677 1730 vrri
700 1677 736 1730 id.
762 1677 830 1733 Noa.
883 1676 990 1731 casibus
1013 1691 1078 1744 avo,
1100 1677 1164 1731 dum
1187 1679 1331 1747 supererit,
1356 1679 1495 1733 remando.
1537 1680 1570 1735 D.
1594 1695 1637 1735 vri
1658 1681 1695 1736 id.

22 1738 157 1796 Ιιιιιιιιιαι
181 1692 341 1798 liccam
368 1757 417 1799 ιη
439 1750 467 1800 ct
499 1743 690 1800 Valentiniano
719 1759 746 1799 11
770 1745 831 1867 ἐς
883 1741 957 1815 Sept.
981 1743 1219 1816 Constantinopoli
1244 1745 1397 1801 Theodosio
1420 1747 1451 1802 A.
1472 1761 1543 1803 xm
1563 1761 1591 1804 et
1613 1748 1696 1871 limo

23 1824 99 1862 conss.
746 1856 751 1866 .
882 1826 970 1865 toras.
1588 1834 1612 1869 a.

50 1875 152 1950 ilani.
174 1876 234 1932 deo
253 1880 288 1933 A.
309 1877 450 1934 Callicrati
460 1896 512 1951 pp.
526 1897 581 1952 per
590 1818 745 1952 Illyricnrlll
768 1816 832 1935 cm}
917 1876 937 1935 4
964 1878 1074 1952 “impp
1100 1878 1155 1935 Leo
1179 1887 1207 1935 ct
1227 1880 1387 1936 Anthemius
1407 1883 1463 1938 Aa.
1491 1821 1627 1955 Erptlsr'o
1647 1821 1695 1956 ppl.

23 1959 74 1998 nem
98 1945 287 2014 ambiguitatis
315 1947 499 2002 contusionem
525 1953 696 2016 amputantes
722 1948 774 2003 hac
800 1947 831 2001 li·
883 1945 1073 2015 Quaecumque
1096 1964 1140 2003 res
1163 1949 1198 2003 sd
1220 1949 1305 2002 lilium
1327 1950 1369 2004 vel
1391 1950 1481 2017 iiiam,
1505 1956 1617 2021 nepotes
1640 1953 1696 2006 sive

24 2011 94 2131 puida
122 2017 151 2067 et
181 2014 379 2083 compendiosa
410 2015 468 2083 lege
493 2017 628 2070 sancimus
655 2016 728 2070 circa
753 2031 833 2071 usum
882 2019 1046 2095 pronepotes
1070 2017 1210 2085 utriusque
1233 2032 1313 2072 sexus
1336 2019 1363 2071 iu
1380 2023 1515 2087 potestate
1533 2019 1695 2075 constitutos

34 2085 128 2134 ructum
145 2088 335 2138 maternarum
353 2098 443 2137 rerum
459 2082 559 2138 nullam
574 2098 633 2139 esse
647 2084 845 2147 differentiam·
883 2097 917 2136 ex
934 2098 1023 2151 priore
1040 2084 1083 2138 vel
1100 2084 1220 2139 secundo
1238 2091 1286 2138 aut
1303 2087 1381 2141 tertio
1399 2102 1447 2140 seu
1466 2087 1588 2155 coniugio
1603 2103 1696 2142 uume-

24 2147 71 2200 sivs
86 2148 221 2218 inpriore
238 2151 411 2205 matrimonio
425 2154 512 2219 pater,
532 2165 564 2205 ex
580 2168 632 2231 quo
646 2152 715 2207 iiiios
729 2152 832 2217 habuit,
882 2151 987 2206 rosione
1003 2152 1173 2219 pervenerint
1186 2167 1220 2205 er
1236 2152 1298 2207 dote
1311 2153 1353 2207 vei
1369 2169 1536 2223 quacumque
1551 2154 1696 2210 donatione

52 2231 168 2272 rmanem
184 2217 308 2272 voluerit
325 2217 381 2272 sive
396 2232 538 2273 novercam
553 2219 614 2273 iilsrs
630 2218 831 2289 superduxerit:
883 2234 932 2273 seu
949 2218 1098 2274 hereditate
1115 2221 1203 2289 iegato
1214 2224 1235 2254 ¹⁸
1251 2221 1294 2275 vei
1310 2221 1525 2287 fideicommissa
1543 2237 1636 2277 earum
1650 2239 1695 2277 us·

34 2283 125 2349 uginus,
151 2300 225 2364 quae
254 2286 290 2340 de
310 2286 439 2341 mammis
461 2287 539 2341 bonis
562 2288 634 2341 istae
657 2293 732 2354 sunt,
756 2300 833 2343 suam
883 2286 979 2355 quein
997 2287 1067 2343 diem
1084 2287 1695 2359 uuesuuepatorvelavusve1¹⁸proavuu

27 2354 36 2401 1
66 2350 227 2408 habentibus
247 2354 411 2408 firmitatem.
452 2354 548 2409 Patres
565 2355 647 2424 igitur
663 2372 741 2410 usum
758 2355 832 2409 iruc·
883 2370 961 2408 usum
974 2354 1092 2410 fructum
1106 2356 1238 2410 habeant:
1258 2356 1365 2411 easdem
1378 2373 1421 2412 res
1437 2359 1695 2429 quocumquemodc

25 2420 73 2470 tum
88 2424 275 2475 maternarum
292 2437 390 2486 rerum,
408 2421 512 2477 etiamsi
530 2422 564 2477 ad
584 2422 716 2478 secuntias
734 2423 831 2492 migra·
883 2422 1016 2477 alienandi
1033 2424 1074 2478 vel
1091 2423 1211 2492 pignoris
1230 2440 1278 2480 seu
1295 2425 1313 2478 h
1330 2425 1464 2506 poihecae
1483 2427 1542 2481 iure
1559 2427 1697 2495 obligandi

25 2486 99 2539 vednt
124 2489 250 2558 nuptias,
280 2490 337 2544 sine
360 2489 443 2544 dubio
466 2489 566 2544 habere
588 2490 755 2546 debebuut⁴:
782 2506 832 2544 nec
882 2488 1013 2545 facultate
1039 2491 1078 2546 eis
1103 2491 1210 2561 penitus
1239 2443 1397 2560 interdicta,
1429 2494 1546 2549 dominio
1573 2495 1697 2549 videlicet

26 2550 97 2607 diam
112 2554 175 2610 iiiia
193 2557 238 2612 vei
257 2558 423 2627 quibuslibet
442 2570 476 2613 ex
493 2573 612 2626 persona
628 2573 721 2614 eorum
738 2562 833 2614 contra
882 2573 976 2613 earum
999 2559 1035 2613 ad
1055 2559 1125 2614 iiiios
1147 2565 1176 2615 et
1196 2566 1308 2631 nepotes
1332 2561 1388 2616 sive
1409 2568 1572 2631 pronepotes
1596 2563 1696 2617 utrius·

26 2624 105 2685 patres
119 2623 154 2677 im
176 2626 277 2680 robam
291 2641 382 2680 vocem
396 2626 649 2695 accusationemque
663 2643 744 2696 posse
759 2640 831 2682 com·
883 2641 935 2695 qus
958 2642 1040 2681 sexus
1064 2630 1276 2696 permanentefl,
1303 2629 1408 2684 etiamsi
1431 2645 1465 2685 ex
1488 2630 1582 2685 eodem
1604 2629 1696 2685 matri·

26 2691 112 2754 petere
148 2640 183 2747 B.
202 2692 230 2748 lt.
251 2692 327 2766 Sept.
346 2694 490 2750 Antbrmio
508 2695 540 2749 A.
559 2708 587 2749 11
603 2710 677 2750 tons.
719 2701 753 2761 [a.
772 2698 832 2759 468]
883 2694 972 2748 monio
996 2696 1132 2763 procreati
1155 2711 1211 2750 non
1234 2696 1302 2763 siut,
1330 2712 1363 2751 ex
1387 2714 1439 2765 quo
1463 2698 1574 2752 eaedem
1596 2713 1639 2753 res
1662 2697 1698 2753 ad

561 2770 564 2774 ·
883 2767 1008 2831 parentes
1025 2779 1130 2829 eorum,
1155 2764 1202 2833 qui
1223 2779 1324 2834 quaeve
1344 2765 1373 2819 in
1396 2769 1530 2834 potestate
1548 2772 1619 2832 sunt,
1637 2766 1696 2821 tue·

886 2835 897 2884 1
935 2830 989 2883 rint
1006 2830 1156 2886 devolutae.
1192 2832 1234 2885 Eo
1252 2831 1376 2887 videlicet
1394 2834 1573 2897 observando,
1592 2840 1622 2887 ut
1639 2850 1696 2889 mo·

883 2897 1008 2952 rientium
1034 2899 1149 2952 fratrum
1170 2914 1324 2955 sororumve
1346 2900 1499 2982 portiones,
1526 2902 1571 2969 qui
1595 2917 1697 2970 quaeve

382 2968 471 3030 LXI!
884 2981 917 3020 ex
935 2965 1028 3021 eodem
1050 2966 1219 3022 matrimonio
1242 2968 1376 3036 progemti
1392 2969 1435 3023 vei
1451 2970 1608 3038 progenitae
1625 2975 1696 3034 sunt,

29 3059 832 3188 qaue·euenturailttsetesis:
991 3034 1103 3167 stis
1122 3035 1583 3159 illitteratura

55 3197 257 3266 conuiuae,
275 3203 320 3253 nu
338 3204 457 3255 mill
474 3203 803 3255 minuuntque
883 3169 1696 3307 sitiittitmtldtpitittmtilitabat

58 3293 71 3351 i
95 3297 195 3373 'impp
229 3301 452 3375 ibcoclcsinset
481 3301 690 3357 Valentinianus
711 3305 767 3358 ΑΛ.
796 3302 833 3356 ecl
884 3309 899 3359 ι
934 3306 990 3361 sive
1011 3306 1149 3361 sororibus
1171 3324 1241 3362 unus
1259 3322 1346 3362 unaue
1363 3309 1528 3362 remanserit.
1565 3308 1697 3363 Omnibus

31 3372 146 3440 seratam.
183 3369 254 3424 Curru
275 3371 444 3426 venerantiae
467 3370 538 3439 leges
555 3372 689 3426 vetuerint
709 3371 832 3451 patribus
883 3378 981 3439 autem,
1000 3374 1047 3442 qui
1065 3389 1097 3429 ex
1115 3374 1208 3429 eodem
1227 3375 1349 3443 coniugio
1367 3375 1468 3429 tuerint
1484 3377 1631 3456 procreati,
1651 3377 1696 3430 de·

31 3444 79 3509 luto
101 3438 245 3502 potestatis
273 3437 389 3519 adquiri,
416 3438 545 3508 quidquid
568 3454 660 3494 eorum
681 3439 744 3493 liliis
766 3454 832 3494 avus
883 3441 984 3497 iunctis
1001 3446 1068 3496 tunc
1085 3442 1191 3497 demum
1208 3442 1243 3497 ad
1260 3458 1319 3510 ecs,
1343 3442 1389 3524 qui
1406 3459 1440 3497 ex
1457 3444 1510 3499 aluo
1528 3445 1696 3499 matrimonio

32 3510 82 3551 aua
95 3517 210 3569 proavus
228 3521 341 3575 proavia
358 3521 375 3560 a
391 3506 462 3561 linea
478 3512 600 3561 materna
613 3507 749 3562 venientes
766 3523 832 3576 quo·
883 3515 948 3565 sunt
965 3508 1038 3573 editi,
1055 3509 1162 3564 easdem
1180 3524 1223 3565 res
1240 3526 1289 3579 pro
1307 3510 1377 3565 virili
1399 3515 1477 3579 purte
1494 3512 1583 3567 venire
1601 3513 1696 3566 statui·

33 3580 131 3636 cunque
160 3572 240 3630 titulo
268 3575 459 3640 contulissent,
492 3575 545 3629 hoc
571 3590 678 3644 quoque
709 3575 833 3629 convenit
884 3593 957 3631 mus:
982 3578 1057 3632 nullo
1081 3583 1171 3632 ιιιιιιιι
1194 3594 1227 3632 ex
1250 3579 1403 3633 memoratis
1427 3579 1548 3648 personis
1565 3579 1697 3635 existente

32 3632 166 3711 obsonari,
190 3644 237 3707 nt,
263 3642 393 3710 quidquid
409 3643 451 3697 vei
469 3658 538 3697 uxor
554 3642 651 3697 marito
669 3658 724 3697 uon
741 3658 831 3697 eman·
884 3649 899 3699 3
934 3650 1061 3714 parentes
1079 3660 1171 3699 sorum
1190 3661 1236 3699 eas
1258 3646 1405 3715 percipere.
1442 3647 1605 3702 Parentibus
1623 3664 1696 3713 vero,

34 3706 110 3769 trotio
126 3708 167 3761 vei
190 3710 307 3765 maritus
330 3710 408 3765 uxori
430 3710 458 3764 iu
501 3713 617 3765 οιιιιιιι
637 3711 742 3779 positae
766 3726 831 3780 quo·
884 3713 1219 3783 quorumsubpotestate
1237 3719 1307 3778 suut,
1326 3712 1539 3769 usumfructum
1558 3714 1697 3770 dumtaxat
1782 3762 1786 3785 5

34 3781 134 3841 cumque
152 3776 233 3833 titulo
256 3778 299 3832 vel
322 3777 380 3833 iure
405 3783 469 3832 cont
498 3779 550 3833 erit
573 3794 623 3834 seu
645 3778 831 3843 transmiserit,
883 3780 1017 3837 habituris
1043 3787 1204 3835 memoratas
1236 3796 1279 3834 res
1309 3780 1367 3836 iure
1393 3783 1535 3850 potestatis
1561 3783 1697 3838 alienandi

33 3833 76 3889 boc
90 3842 158 3908 patri
174 3846 331 3900 nullatenus
348 3844 521 3914 adquiratur:
543 3849 625 3968 etopus
648 3845 709 3903 ideo
728 3847 757 3901 in
775 3846 832 3901 eius
883 3849 924 3903 vei
942 3848 1080 3929 obligandi
1097 3849 1232 3902 licentiam
1250 3848 1424 3917 denegamus,
1448 3865 1502 3904 nou
1523 3850 1696 3917 prohibendis

35 3907 137 3973 batum,
161 3913 206 3967 cui
224 3913 345 3968 delatum
363 3920 417 3978 est,
435 3914 495 3969 lure
513 3914 582 3968 dura
600 3914 630 3967 it.
665 3914 698 3969 D.
722 3928 780 3968 vrrs
795 3914 831 3969 id.
883 3916 968 3971 isdem
993 3916 1099 3981 iuberis,
1131 3916 1291 3985 quaudoque
1322 3917 1365 3971 sui
1390 3917 1457 3971 iuris
1482 3918 1595 3983 fuerim,
1623 3919 1697 3972 nulia

35 3968 91 4026 lion
113 3975 262 4036 Raomrsce
286 3980 438 4037 Theodosio
462 3995 513 4036 ιιι
534 3988 561 4037 ct
588 3980 782 4037 Valentiniano
807 3996 834 4036 11
882 3984 1023 4053 temporali
1044 3984 1261 4065 praescriptione
1285 3984 1433 4039 obsistente
1454 3984 1560 4039 easdem
1577 4001 1622 4040 res
1639 4001 1695 4041 om·

36 4040 80 4093 ΑΑ.
96 4059 179 4102 conss.
718 4056 752 4116 [a.
772 4054 831 4115 ssa]
883 4052 962 4107 nibus
981 4050 1067 4107 modis
1082 4051 1226 4115 vindicare,
1244 4051 1296 4106 nisi
1310 4051 1389 4118 forte,
1404 4058 1547 4121 postquam
1561 4059 1696 4122 potestate
1715 4070 1725 4114 ,τ

63 4104 85 4188 2,
104 4110 187 4169 ⁷Idem
215 4116 272 4171 ΑΛ.
301 4116 398 4171 lilerio
419 4134 470 4189 pp.
516 4117 721 4173 Constitutionis
747 4133 832 4173 novae
882 4120 1035 4188 parentium
1056 4133 1103 4174 eos
1127 4120 1270 4187 contigerit
1292 4119 1415 4183 liberari,
1439 4124 1545 4174 tautum
1568 4118 1714 4191 temporis‘

37 4178 166 4242 mertuum
180 4185 296 4239 clariore
310 4184 532 4254 interpretatione
547 4186 692 4252 sancimus,
708 4189 747 4249 ut,
763 4200 832 4255 quae
883 4187 1030 4253 effluxerit,
1062 4190 1094 4242 ut
1126 4203 1158 4241 ex
1189 4186 1316 4242 continua
1340 4190 1368 4241 et
1393 4187 1554 4244 inconcussa
1581 4188 1696 4245 terentii

36 4254 75 4305 itt
95 4247 160 4305 tibus
182 4256 296 4323 ιιιιιοιιι
319 4257 482 4321 pronepotes
504 4253 621 4321 itemque
643 4255 712 4309 filias
737 4258 832 4322 neptes
902 4255 1053 4311 ossessione
1068 4270 1162 4309 eorum
1176 4254 1335 4309 excludatur
1347 4255 1469 4311 intentio.
1496 4255 1530 4310 D.
1546 4255 1601 4311 vla
1611 4256 1695 4313 Mart.

38 4320 173 4426 proneptes,
190 4320 312 4391 quamuis
329 4321 358 4375 in
374 4326 509 4389 potestate
527 4321 589 4387 sint,
607 4322 714 4377 minime
728 4321 833 4401 adquiri
915 4324 1029 4377 armano
1048 4339 1121 4377 eoas.
1581 4329 1616 4390 [a.
1635 4329 1695 4390 itt]

52 4383 185 4442 cerevimus
213 4405 230 4443 a
256 4388 351 4443 manto
378 4389 420 4443 vel
444 4403 530 4444 uxore
560 4405 729 4459 quocumque
754 4390 832 4444 titulo
917 4388 1033 4447 bidem
1050 4391 1106 4444 ΛΑ.
1126 4390 1228 4461 Nepoti
1245 4390 1377 4461 mcqistro
1401 4391 1515 4445 militam
1531 4390 1695 4447 Dalmatiae.

39 4445 122 4519 coliata
142 4454 196 4511 sive
221 4456 313 4511 ultima
335 4457 473 4515 uoluntate
495 4458 667 4525 transmissa,
691 4458 780 4512 nulius
798 4457 833 4511 ad
882 4458 945 4513 Nou
971 4457 1030 4512 sine
1055 4458 1162 4512 ratione
1187 4457 1221 4512 de
1246 4458 1366 4526 negotio,
1394 4458 1465 4526 quod
1490 4460 1560 4513 inter
1582 4464 1696 4515 matrem

39 4510 61 4563 Β
76 4527 189 4588 illoque·
203 4525 339 4593 pertinere
353 4523 494 4591 existimet,
513 4525 585 4605 quod
597 4526 632 4581 ab
645 4526 705 4594 ipso
721 4528 832 4595 parente
882 4525 1010 4590 tamilias,
1035 4526 1111 4580 cuius
1129 4529 1218 4580 vestra
1235 4526 1371 4605 suggestio
1389 4526 1520 4589 meminit,
1543 4533 1571 4606 et
1592 4543 1695 4595 germa-

39 4576 115 4638 datun
131 4590 170 4645 vei
193 4597 257 4647 ante
280 4592 407 4661 nuptias⁹
429 4592 582 4648 donationis
606 4608 688 4649 osusa
710 4609 760 4662 pro
778 4608 833 4646 uua
882 4609 946 4651 num
973 4593 1030 4648 eius
1056 4594 1182 4658 vertitur,
1207 4610 1234 4647 m
1271 4592 1363 4648 urtudo
1385 4600 1434 4648 tua
1457 4594 1569 4649 diversus
1591 4595 1696 4662 iegibus

40 4659 225 4714 rememoratis
243 4660 365 4729 personis
382 4660 541 4739 praestitum
560 4659 660 4727 iuerat,
678 4665 709 4715 ut
725 4661 832 4715 minime
883 4677 917 4717 ex
935 4666 1050 4730 utraque
1066 4665 1145 4729 parte
1163 4661 1240 4730 prola
1294 4669 1413 4717 nostram
1430 4661 1695 4717 crediditconsuien-

41 4712 69 4766 ιι
82 4732 144 4787 tuna
166 4728 189 4782 si
213 4742 294 4782 ossus
311 4726 415 4788 tulerit.
439 4732 589 4783 revertatur
606 4728 832 4799 (prospiciendum
883 4729 944 4783 dam
959 4744 1018 4783 esse
1030 4727 1205 4795 clementiam,
1221 4744 1282 4783 cum
1295 4729 1390 4783 mulier
1405 4729 1517 4784 disemis
1526 4729 1594 4785 luris
1602 4730 1703 4793 lectio,

42 4786 74 4857 {⁵2
88 4790 164 4858 edm,
186 4810 221 4850 ne
243 4796 295 4849 hac
317 4795 417 4850 iniecta
438 4795 580 4850 formidine
599 4803 741 4866 pareutum
760 4796 832 4850 circa
882 4798 962 4853 uibus
980 4796 1049 4851 idem
1060 4799 1080 4831 ¹⁰
1096 4796 1215 4864 intellegi
1232 4797 1356 4851 maritum
1377 4803 1404 4851 et
1422 4813 1550 4864 sponsum
1568 4800 1697 4853 niteretur

42 4845 125 4934 llberos
140 4862 321 4919 munificentia
338 4862 511 4928 retardatum:
535 4863 582 4918 sed
604 4864 694 4919 uthis
711 4867 831 4933 potesta·
883 4865 1008 4935 probare,
1025 4879 1168 4944 germanus
1184 4863 1272 4918 mariti
1286 4880 1383 4943 nomen
1397 4865 1436 4919 iili
1449 4865 1508 4931 soli,
1526 4866 1573 4934 qui
1587 4868 1696 4935 nuptias

43 4917 71 4969 ιι
88 4936 140 4982 lure
160 4930 194 4985 ad
209 4938 342 5012 parentes
365 4932 479 4987 reterns
501 4937 603 4995 cetera,
627 4946 696 5001 quae
716 4947 749 4987 ex
767 4931 831 4986 sub·
885 4936 1061 4997 contraxerit,
1084 4932 1243 4987 recitatione
1267 4933 1466 4988 consututlouis
1485 4932 1606 4987 divorum
1623 4939 1695 4989 retro

43 4986 127 5045 sunm
145 4999 255 5078 speciali
278 4999 401 5067 coniugis
419 4998 455 5053 ad
472 4999 643 5068 superstitem
661 5000 831 5065 deveremut,
883 5000 1035 5070 priucipum
1052 4998 1197 5055 'iboououii
1214 5006 1242 5056 et
1258 5000 1477 5065 Valentiniani¹⁰‚
1502 5016 1555 5070 qua
1578 5007 1695 5060 cavetur.

46 5060 144 5117 qamvis
159 5067 227 5122 idern
245 5067 273 5120 in
291 5067 376 5122 sacris
394 5066 442 5132 sit,
466 5066 557 5122 fructu
575 5072 665 5121 ιιιιιιι
673 5068 695 5100 ¹⁰
714 5067 772 5123 solo
790 5074 830 5121 at·
884 5067 1014 5137 quidquid
1039 5068 1151 5122 maritus
1177 5068 1218 5122 vel
1244 5085 1313 5124 uxor
1339 5068 1367 5121 in
1393 5071 1528 5137 potestate
1555 5070 1696 5124 consdtutl

45 5131 87 5183 iit
108 5143 153 5186 usu
172 5135 337 5203 parentibus
355 5134 497 5204 deputato,
525 5134 670 5191 dominium
697 5136 722 5190 ei
746 5135 793 5204 qui
815 5150 832 5189 a
883 5136 996 5192 invicem
1018 5136 1070 5193 sibi
1090 5135 1259 5205 reliquerint,
1282 5152 1337 5191 nou
1358 5136 1430 5206 patri
1453 5136 1571 5205 adquiri,
1595 5138 1643 5193 sed
1660 5138 1695 5192 ad

48 5230 1690 5262 N——ss—ffl———Q

44 5288 190 5365 illidentem
213 5322 259 5372 pro
282 5306 393 5372 praemio
419 5307 463 5358 Ta.
538 5306 572 5373 (ι)
593 5304 665 5370 legit.
683 5305 830 5371 praemium]
884 5306 1018 5358 Mornmrea
1103 5308 1146 5371 (lt)
1168 5306 1389 5373 Constantinopoli
1410 5309 1457 5359 r'nr.
1477 5308 1541 5375 lepus
1559 5310 1697 5375 iunyendoe
1892 5340 1893 5345 =

47 5356 142 5417 tuentem
160 5374 202 5425 Tls.
260 5376 294 5439 (a)
310 5375 338 5424 in
356 5373 448 5425 inante
468 5375 511 5426 Ti.
570 5376 604 5437 (t)
621 5373 747 5425 debebunt
766 5385 831 5425 toen-
883 5377 928 5438 tit)
942 5394 983 5442 pr.
999 5399 1033 5420 =
1048 5374 1113 5427 Nou.
1133 5375 1355 5438 Tironiana:
1375 5376 1488 5441 iunpeb,
1507 5386 1560 5441 ⁹³⁵
1612 5380 1657 5441 (tu)
1672 5379 1697 5427 et
1892 5376 1893 5441 i

49 5430 78 5473 ’Β
93 5433 114 5481 Β
128 5438 214 5505 iera),
237 5443 301 5495 delet
317 5443 450 5495 Mommsen
537 5442 571 5506 (t)
590 5442 618 5512 Β
635 5445 676 5505 is,
695 5453 716 5503 i,
734 5453 747 5493 b
765 5459 831 5507 seqq.
883 5441 911 5492 in
929 5443 986 5496 dett
1005 5461 1057 5494 cum
1074 5444 1128 5493 ΒΣ
1142 5445 1176 5509 (rr.
1186 5444 1234 5505 ra),
1252 5458 1283 5493 ex
1301 5443 1357 5503 PR,
1375 5445 1405 5493 ιιι
1421 5443 1492 5494 inc
1560 5445 1606 5508 (it)
1624 5446 1697 5512 inape
1892 5466 1893 5521 ι

49 5489 117 5576 lli?
134 5505 173 5559 ii.
187 5512 213 5573 8,
228 5522 298 5575 tat:
318 5512 390 5578 iones
407 5512 431 5572 6,
442 5521 508 5574 ιι,ιι
527 5522 550 5562 st
567 5528 629 5576 quos
646 5512 684 5562 ibi
699 5510 833 5562 laudantur
883 5513 908 5572 5,
926 5522 948 5575 t,
966 5521 987 5563 t.
1006 5512 1030 5574 o,
1049 5521 1086 5573 tt,
1103 5520 1128 5562 ti
1197 5511 1242 5572 (te)
1260 5510 1523 5575 legaiovoMommrea
1591 5512 1638 5576 (it)
1656 5511 1696 5563 voi
1892 5530 1893 5541 ¹

49 5558 150 5637 (lissey,
166 5578 189 5639 2,
207 5590 241 5642 st,
259 5588 280 5630 ι.
299 5581 323 5642 5,
341 5589 363 5642 t,
383 5588 413 5629 ιι.
438 5582 463 5640 5,
480 5589 501 5639 t,
520 5588 554 5631 ιι.
580 5580 604 5642 5,
622 5590 653 5640 it,
671 5588 692 5629 ι.
717 5580 742 5640 6,
760 5587 795 5640 ts,
813 5586 832 5629 i.
884 5579 949 5642 dett,
967 5597 1012 5630 ors.
1030 5578 1102 5630 PCR
1178 5581 1223 5642 (ii)
1241 5581 1277 5630 ric
1294 5578 1325 5641 P,
1342 5578 1485 5644 pertinente
1500 5579 1534 5643 ll,
1552 5598 1596 5631 ons.
1619 5580 1646 5642 0,
1663 5583 1695 5645 ρι’.

52 5625 70 5686 θ’
79 5639 107 5711 ²⁴2
118 5648 135 5690 ¹¹
183 5648 217 5709 (s)
235 5661 335 5711 quoquo
353 5665 397 5697 om.
415 5646 566 5711 imant.)
618 5648 653 5708 (a)
670 5646 756 5696 datum
774 5646 832 5695 ante
883 5665 903 5698 ι.
919 5656 933 5699 o
951 5651 964 5706 ι
981 5655 995 5699 t
1012 5646 1035 5697 b.
1055 5657 1072 5698 t.
1124 5647 1171 5712 (ta)
1189 5645 1293 5698 eundem
1312 5648 1365 5696 ΒΣ
1379 5647 1462 5711 (arr.)
1514 5650 1561 5711 (te)
1578 5665 1599 5700 c.
1618 5658 1628 5700 t
1644 5648 1667 5698 ι.
1679 5659 1694 5699 t.

51 5702 131 5826 nii?
145 5710 180 5764 vel
194 5715 248 5764 ΒΣ
256 5715 290 5779 (ιι.
300 5718 341 5779 π.)
392 5715 440 5779 (th
458 5716 541 5765 ιιιιιιιι
555 5732 600 5767 om.
609 5715 755 5779 Elissa),
770 5713 833 5766 delet

1459 5796 1491 5849 d'l
