3802 6196
212 287 256 353 VI
279 289 319 353 23
1013 272 1076 349 tit
1286 298 1332 348 na
1353 297 1595 351 rnsrsusnnis:
1618 297 1862 362 ouuusnuoous

212 470 368 528 strumentis
385 467 526 524 sustulisse
543 467 673 532 noscitur,
690 467 719 522 in
736 466 796 523 aliis
814 482 923 593 quoffiiue1
938 466 1022 523 ouini·
1072 465 1201 546 teshbus,
1227 465 1300 531 cuca
1322 482 1390 535 quos
1413 467 1516 536 aliquid
1538 465 1592 521 tale
1610 465 1726 546 cremet,
1751 466 1865 535 upariti

212 542 264 596 bus
281 538 537 607 tam,coutractibus
557 553 636 604 quam
653 536 821 590 testamentis
838 542 866 591 to
889 538 895 551 '
924 552 969 600 us,
993 540 1024 589 ut
1072 535 1140 590 alios
1163 535 1304 603 subrogari
1325 539 1353 588 et
1374 536 1409 589 ab
1433 550 1466 590 eo
1482 536 1524 590 rel
1545 537 1581 590 ab
1599 550 1638 589 eis
1655 538 1712 588 tam
1729 537 1867 588 teshtereu

213 609 261 662 tali
278 607 434 676 exceptione
452 610 575 660 cessante
593 611 619 657 et
636 604 670 657 sti
691 605 774 658 ulatio
792 608 820 659 et
837 604 882 659 alii
900 611 1023 658 contrac·
1073 618 1154 674 qnam
1171 603 1238 658 ahos
1256 607 1339 657 testes
1357 601 1498 669 sciscitari,
1516 603 1540 657 si
1558 619 1598 667 eu,
1616 617 1686 671 quae
1700 617 1789 657 eorum
1801 616 1867 670 prae

213 684 257 730 tus
274 681 302 730 et
315 675 452 729 testatoris
466 673 591 727 uoluntas
603 621 754 726 indubitate
770 672 864 738 adeat,
883 672 1024 731 exactione
1073 672 1188 725 sentiam
1210 670 1387 736 concedunt,
1412 672 1501 725 omnia
1518 686 1609 726 comm
1626 670 1666 725 eis
1683 670 1867 739 processisset

212 744 335 798 uidelicet
371 748 414 797 ost
432 740 615 795 condicionem
631 740 671 794 vel
690 740 759 794 dIem
777 744 952 809 competente.
995 737 1022 792 S.
1075 745 1090 793 5
1124 739 1161 792 Et
1184 739 1208 794 si
1229 740 1282 794 hoc
1303 737 1386 793 fuerit
1409 738 1526 809 undique
1548 737 1734 801 manifestum,
1756 743 1816 791 tnnc
1831 752 1868 789 eos

213 813 238 866 ct.
255 818 311 865 νηι
327 760 369 864 ni)
372 810 437 865 Dec.
452 808 496 861 dn.
508 807 663 862 Iustiniana
673 810 703 861 Α.
716 825 766 879 pp.
778 823 805 862 11
813 825 887 862 corn.
918 811 1022 872 [a.528]
1073 807 1115 862 vel
1139 822 1199 862 eum
1221 823 1275 861 una
1297 822 1358 860 cum
1376 806 1435 862 aliis
1452 807 1568 861 testibus
1586 821 1618 860 ea
1635 821 1705 875 quae
1722 809 1823 884 oportet
1837 804 1869 857 ia·

247 876 288 936 26
304 877 392 932 'Idem
405 877 436 931 A.
447 874 545 930 Menae
553 892 604 947 pp.
630 876 662 928 In
672 876 837 930 testamentis
848 875 906 930 sine
917 875 1024 954 scriptis
1074 889 1147 941 cere,
1172 874 1223 929 etsi
1245 876 1273 928 iu
1294 874 1383 929 medio
1401 875 1613 943 subscriptiones
1632 873 1741 929 testium
1757 888 1807 927 uin
1822 870 1869 925 ine

213 946 342 1000 iaciendis
375 959 479 1000 omnem
510 944 649 998 formalem
679 944 891 999 observationem
917 951 1024 1012 penitus
1074 948 1136 997 rant
1153 942 1323 997 subsecutae.
1358 941 1514 998 sicutenim
1532 940 1871 996 etnaturaemedemuret

213 1011 1025 1138 teutriaduttltdttlittttttttttlt
1074 1013 1248 1142 iiiiii
1264 1010 1355 1133 titt
1372 1011 1572 1134 bittunt?
1589 1010 1871 1147 ‘titubent

213 1150 338 1205 omnibus
354 1147 520 1203 mamlestari
537 1147 727 1213 significantis.
749 1147 785 1202 ad
808 1165 876 1217 quos
898 1147 1025 1201 substan·
1074 1145 1109 1200 tis
1128 1146 1283 1202 ordinandis
1301 1147 1458 1215 processit⁸,
1482 1120 1604 1213 cevetm,
1628 1150 1762 1214 quatenus
1783 1148 1871 1212 septeu

214 1218 279 1272 tiam
304 1232 381 1272 auam
406 1215 545 1284 pervenire
573 1215 653 1268 vehet
678 1215 720 1269 vel
748 1215 844 1284 quibus
868 1217 957 1283 legata
983 1214 1026 1268 uel
1074 1214 1182 1269 testium
1200 1215 1352 1284 praeseutia
1373 1215 1402 1269 in
1423 1215 1590 1271 testamentis
1608 1214 1762 1283 requiratur
1778 1219 1804 1266 et
1819 1212 1872 1288 suh

214 1284 420 1341 fideicommissa
437 1282 479 1338 rel
495 1283 633 1336 libertates
653 1283 820 1352 disponeret,
844 1283 1026 1337 etiamsinon
1075 1283 1187 1351 scriptio
1210 1298 1228 1337 a
1250 1286 1381 1338 testatore
1405 1282 1454 1337 flat
1469 1283 1512 1337 sel
1528 1283 1581 1338 alio
1600 1297 1650 1352 pro
1667 1296 1714 1348 ee,
1736 1282 1872 1359 etlconsu·

214 1360 278 1408 ante
304 1350 457 1407 huiusmodi
489 1350 690 1419 dispositionem
720 1351 883 1419 praedixerit
912 1356 1026 1405 testator
1075 1351 1144 1406 tutio
1169 1350 1209 1404 sic
1231 1350 1328 1404 edixit:
1353 1352 1463 1407 ‘oetam
1487 1349 1671 1420 subscriptore
1694 1347 1833 1409 adhibito’,
1854 1354 1872 1400 et
1897 1388 1898 1391 ,

214 1422 257 1475 vel
273 1419 398 1475 tentatrix
415 1418 463 1473 illa
479 1418 603 1473 formalia
620 1418 714 1472 rerba:
737 1418 797 1474 ideo
815 1419 922 1474 eosdem
941 1423 1024 1473 testes
1077 1418 1185 1487 quidam
1203 1422 1392 1473 testamentum
1409 1434 1488 1474 suum
1505 1434 1584 1473 omne
1600 1433 1681 1472 manu
1696 1416 1805 1497 propria
1821 1431 1873 1469 con·

215 1487 385 1554 convenisse,
409 1485 480 1556 quod
503 1485 562 1541 sine
585 1485 694 1554 scriptis
712 1502 787 1540 suam
802 1488 968 1542 uoluntatem
985 1485 1027 1541 rel
1075 1485 1183 1554 scripsit
1201 1491 1227 1540 et
1243 1492 1307 1555 post
1324 1487 1382 1541 eius
1396 1487 1501 1542 litteras
1516 1490 1600 1541 testes
1614 1485 1730 1540 adhibiti
1743 1499 1808 1539 suaa
1821 1483 1873 1561 sub·

215 1561 406 1611 usamentum
423 1569 582 1623 componere
599 1555 711 1608 censuit.
738 1553 766 1608 S.
786 1553 1024 1609 d.1111⁸id.l)ec.
1076 1554 1238 1623 scriptiones
1260 1561 1461 1623 supposuerunt
1483 1554 1590 1624 aliaque
1612 1553 1703 1609 omnia
1724 1552 1874 1608 sollemniter

216 1622 456 1695 Constantinopoli
464 1621 508 1676 dii.
517 1619 710 1676 Iustiniuriort.
720 1639 771 1703 pp.
785 1636 812 1677 11
825 1639 898 1677 conr.
924 1626 1026 1687 [unffi]
1075 1622 1104 1676 in
1121 1626 1282 1678 testamento
1299 1629 1411 1691 peracta
1428 1628 1491 1677 siunt
1508 1630 1535 1677 et
1556 1626 1749 1678 testamentum
1771 1636 1805 1674 ex
1826 1620 1873 1681 hoc,

250 1689 289 1748 ‘27
310 1690 398 1745 ⁴Irirm
416 1691 446 1744 A.
466 1687 578 1743 Iuliane
611 1707 640 1761 p.
677 1690 825 1755 sancimus,
844 1690 944 1759 siquis
962 1689 1027 1756 legi·
1076 1690 1110 1744 de
1133 1706 1187 1759 quo
1211 1690 1363 1757 dubitatur,
1380 1690 1486 1745 irritum
1502 1691 1603 1746 lactum
1620 1694 1670 1757 est,
1693 1688 1807 1745 eandem
1823 1702 1874 1741 con·

215 1760 281 1814 timo
303 1758 381 1813 ruodo
403 1756 524 1836 condidit
546 1706 734 1836 usamentum
757 1765 785 1811 et
806 1763 869 1837 post
885 1758 943 1813 eius
961 1773 1026 1837 cou-
1076 1758 1242 1813 stitutionem
1265 1759 1428 1827 corrigentes
1452 1759 1600 1837 sancimus,
1621 1758 1645 1813 si
1663 1757 1723 1825 quis
1739 1771 1791 1811 sua
1806 1770 1874 1837 mani

214 1828 357 1881 lectionem
380 1826 539 1881 dccenmum
556 1825 698 1893 profluxit,
723 1826 747 1880 si
768 1825 874 1895 quidem
894 1825 970 1881 nulla
985 1842 1026 1879 m·
1075 1830 1164 1881 tntum
1189 1830 1379 1881 testamentum
1401 1827 1443 1882 vel
1469 1826 1620 1883 codicillum
1646 1825 1837 1895 conscripserit
1856 1828 1876 1876 ct
1897 1858 1898 1875 2

215 1896 323 1949 novatio
345 1895 388 1948 rel
413 1893 549 1948 coutrmia
569 1892 694 1947 uoluntas
725 1895 862 1949 nantonis
890 1893 1027 1964 apparuit,
1076 1894 1129 1950 hoc
1155 1895 1308 1963 specialiter
1332 1895 1361 1949 iii
1388 1896 1523 1964 scriptura
1549 1894 1711 1964 reposuerit,
1741 1891 1815 1962 quod
1838 1892 1898 1969 sui*

215 1963 268 2017 hoc
291 1977 351 2017 esse
372 1960 487 2015 firmum.
527 1959 599 2030 quod
620 1961 691 2015 enini
711 1976 767 2017 non
788 1967 921 2027 mutatur,
944 1976 1027 2030 quare
1076 1977 1159 2017 manu
1183 1963 1237 2018 hoc
1264 1961 1380 2018 confecit
1425 1963 1543 2018 infimi
1574 1962 1600 2018 ei
1626 1962 1711 2017 totius
1735 1966 1876 2015 tmumenu

216 2037 289 2150 stara}
310 2027 752 2151 progiibgtigiuiffiemadmodum
775 2030 858 2096 enim,
881 2031 927 2111 qui
943 2034 1027 2084 testa·
1077 2031 1213 2100 scriptura
1236 2036 1264 2085 et
1285 2047 1340 2086 non
1362 2005 1417 2086 asia
1440 2031 1604 2101 subscriptio
1626 2028 1782 2100 requiratur
1803 2042 1877 2095 umus

216 2113 276 2152 meu
290 2113 334 2151 uui
368 2113 409 2151 eoi

220 2173 229 2220 t
267 2165 403 2220 efficitur?
444 2164 492 2219 Sin
514 2171 604 2219 autem
626 2164 654 2219 in
675 2165 763 2219 medio
781 2172 834 2219 tem
855 2182 902 2222 ore
920 2170 1027 2221 conha-
1077 2166 1149 2222 modi
1170 2168 1333 2235 scripturam
1355 2172 1384 2222 et
1406 2168 1512 2222 litterae
1535 2167 1644 2222 testium
1667 2171 1694 2220 et
1716 2166 1804 2221 omnia
1837 2179 1876 2217 uer

215 2234 258 2288 ria
278 2234 402 2288 voluntas
420 2231 587 2311 ostenditur,
611 2233 635 2286 si
653 2232 759 2302 quidem
776 2184 970 2302 pertinuerint
987 2237 1029 2288 est
1078 2241 1237 2305 expectatur
1260 2236 1426 2300 observatio,
1450 2239 1480 2291 et
1500 2235 1537 2291 sit
1557 2237 1748 2289 testamentum
1809 2233 1876 2312 ‘un

216 2300 328 2356 secundi
344 2304 499 2355 testamenti
515 2298 657 2368 conlectio,
679 2301 738 2369 ipso
756 2301 814 2356 iure
831 2302 907 2371 prius
923 2302 1029 2360 tollitur
1077 2308 1106 2357 et
1129 2302 1283 2370 codicillus,
1306 2303 1330 2357 si
1353 2304 1471 2374 quinqua
1493 2302 1602 2359 testium
1626 2303 1731 2357 littam
1751 2305 1876 2357 tautum

217 2374 232 2422 2
273 2374 470 2423 testamentum.
511 2367 559 2421 Sin
587 2373 676 2422 autem
702 2374 819 2424 testator
845 2369 1028 2425 tantummodo
1078 2371 1229 2440 scripturae
1247 2371 1446 2438 coadunentur,
1469 2372 1498 2427 in
1522 2386 1572 2427 sua
1595 2370 1723 2426 firmitate
1743 2372 1876 2432 renuat

217 2436 315 2490 dixerit
339 2451 394 2491 non
419 2435 536 2494 uoluisse
561 2435 636 2507 prius
663 2442 736 2493 stare
758 2442 961 2505 testamentum,
988 2437 1029 2492 rel
1078 2445 1105 2493 et
1130 2455 1208 2495 nemo
1235 2439 1347 2494 callidus
1370 2439 1538 2496 machinator
1563 2438 1717 2495 huiusmodi
1741 2436 1876 2508 iniquae

216 2505 277 2564 aliis
299 2508 388 2562 uerbis
411 2506 512 2561 utendo
539 2506 701 2561 contrariam
726 2508 833 2575 aperuit
854 2508 1028 2569 uoluntatem,
1077 2507 1260 2576 inposterum
1281 2507 1440 2563 inveniatur.
1475 2507 1508 2563 D.
1532 2522 1563 2564 V!
1584 2506 1611 2562 tr.
1630 2507 1718 2579 April.
1738 2505 1877 2561 Concitati-

216 2581 246 2631 et
267 2577 320 2631 hoc
335 2576 378 2629 rel
400 2590 449 2643 per
470 2578 553 2628 testes
576 2573 687 2629 idoneos
708 2590 763 2628 nou
779 2575 867 2630 minus
884 2575 971 2629 tribus
988 2575 1030 2629 rel
1078 2592 1114 2629 uo
1136 2574 1175 2629 oli
1192 2574 1344 2648 Latapadio
1362 2584 1389 2631 ct
1408 2574 1502 2632 Oreste
1520 2593 1559 2631 cu.
1577 2592 1615 2631 cc.
1636 2590 1725 2630 eurus.
1778 2579 1813 2639 [u.
1830 2575 1877 2636 itti

217 2645 288 2699 inter
312 2648 375 2698 acta
397 2641 608 2697 manifestaverit
630 2648 659 2696 et
684 2641 840 2697 decennium
865 2644 914 2698 liat
939 2656 1028 2697 emen·
1111 2593 1153 2700 &tl
1172 2641 1249 2698 Idem
1263 2647 1295 2698 A.
1306 2641 1417 2700 Iuliano
1447 2662 1479 2716 p.
1502 2644 1628 2700 lubemus
1643 2641 1876 2699 omnimodetestu

217 2728 286 2777 sum,
310 2718 376 2766 tunc
392 2710 499 2765 irritum
516 2724 575 2765 esse
592 2715 780 2765 testamentum
797 2714 853 2765 tam
870 2726 903 2767 ex
921 2714 1028 2767 coutra-
1078 2715 1173 2778 torem
1191 2712 1215 2766 si
1227 2711 1298 2767 vires
1315 2711 1351 2767 ad
1368 2662 1558 2768 resiliendum⁹
1574 2711 1684 2777 haben,
1700 2726 1800 2766 nomen
1814 2709 1877 2764 here

218 2784 233 2835 3
268 2780 309 2834 ria
328 2779 466 2835 uoluntate
489 2794 569 2847 quam
593 2793 626 2832 ex
648 2794 730 2834 cursu
753 2779 903 2848 temporali.
942 2778 1030 2833 Aliter
1079 2779 1120 2835 dis
1143 2779 1188 2834 vel
1209 2780 1338 2835 heredum
1359 2781 1388 2835 iu
1411 2795 1462 2835 sua
1484 2779 1684 2850 subscriptione
1706 2778 1749 2833 rel
1771 2779 1802 2859 in
1825 2792 1898 2857 quai

217 2846 316 2903 etenim
341 2852 501 2902 ustameuta
525 2851 691 2901 mortuorum
718 2861 766 2916 per
793 2846 916 2902 decennii
941 2852 1029 2901 haus·
1079 2863 1193 2917 cumque
1210 2852 1289 2917 parte
1305 2849 1460 2904 testamenti
1477 2864 1593 2918 ponere,
1616 2852 1648 2902 ut
1670 2848 1706 2902 sit
1722 2845 1879 2902 mnnesun

218 2916 368 2969 cursionem
385 2928 543 2970 euanescere
560 2914 634 2970 nullo
652 2915 770 2983 patimur
786 2915 875 2979 modo,
893 2914 1029 2984 prioribus
1079 2916 1227 2972 secundum
1249 2915 1323 2971 illius
1340 2915 1505 2972 uoluntatem
1528 2915 1704 2972 hereditatem
1728 2930 1788 2970 ease
1804 2920 1879 2969 haus

217 2982 481 3045 constitutionibus⁸,
506 2997 576 3050 quae
595 2990 677 3053 super
693 2981 847 3037 huiusmodi
864 2982 1030 3037 testamentis
1083 2989 1093 3038 l
1131 2984 1248 3038 missam.
1284 2984 1331 3039 Sin
1348 2991 1438 3040 autem
1455 2985 1569 3041 forsitan
1586 2999 1619 3039 ex
1636 2983 1724 3039 morbi
1742 2983 1880 3038 acerbitate

217 3050 365 3106 vacuandis
382 3050 455 3105 lutae
471 3049 588 3115 fueram,
607 3050 714 3119 penitus
731 3050 912 3119 antiquandis.
939 3050 973 3105 D.
989 3064 1034 3104 xv
1078 3051 1121 3106 sel
1144 3051 1295 3108 litterarum
1317 3051 1353 3106 iru
1373 3053 1451 3109 aritia
1474 3053 1527 3108 hoc
1550 3052 1642 3108 heere
1658 3051 1767 3106 mininie
1784 3051 1879 3120 potent
1897 3058 1898 3109 l

218 3117 244 3173 lc·
254 3118 343 3189 April.
361 3117 600 3189 Constantinopoli
617 3117 770 3190 Mmpudio
788 3126 815 3173 et
830 3118 924 3173 Oreste
942 3134 981 3173 nv.
992 3133 1029 3172 ec.
1079 3119 1194 3175 testibus
1218 3069 1372 3175 testamen&
1394 3122 1582 3192 praesentibus
1604 3135 1702 3175 nomen
1720 3119 1762 3174 sel
1785 3119 1879 3173 nonus
1897 3110 1898 3179 i

218 3202 306 3241 eonsr.
915 3190 950 3252 [a.
969 3189 1029 3250 530]
1079 3187 1185 3243 heredis
1202 3188 1244 3243 vel
1261 3188 1388 3244 heredum
1404 3190 1440 3244 ab
1458 3205 1489 3245 eo
1507 3188 1671 3259 nuncupari,
1692 3197 1725 3243 ut
1740 3184 1898 3242 omnimotsl

253 3250 294 3311 28
318 3250 393 3308 Idem
410 3253 443 3307 A.
463 3250 573 3306 luliutw
593 3270 644 3325 pp.
684 3252 751 3307 Cum
774 3253 920 3323 antiquitas
946 3257 1030 3308 testa·
1079 3255 1168 3312 sciant
1193 3260 1289 3323 testes,
1316 3257 1340 3312 si
1363 3274 1418 3313 non
1441 3257 1500 3327 ipss
1522 3256 1693 3313 subscribere
1753 3258 1822 3322 teat,
1845 3252 1898 3334 quil

218 3327 310 3376 menta
326 3320 385 3374 fieri
402 3319 487 3375 voluit
508 3320 583 3374 nullo
603 3325 667 3375 actu
683 3321 876 3376 interueniente
892 3328 921 3376 et
937 3321 1031 3376 huius·
1079 3332 1144 3379 sunt
1169 3323 1263 3393 scripti
1289 3324 1416 3393 heredes,
1442 3332 1470 3381 et
1494 3327 1534 3381 ita
1556 3329 1632 3380 certo
1654 3271 1761 3379 hereffi
1787 3335 1898 3379 noixiuti

219 3388 440 3444 modirerborum
453 3389 612 3456 compositio
625 3405 679 3442 non
692 3389 1030 3459 riteinterpretutapaeue
1081 3396 1097 3447 2
1131 3392 1268 3448 successio
1292 3392 1429 3462 procedat
1470 3392 1500 3448 Si
1524 3393 1596 3448 enim
1618 3392 1681 3447 talis
1704 3396 1748 3447 est
1770 3394 1898 3449 teatina

219 3456 1031 3594 ltittiitttttittttt‘nudantis:
1080 3460 1443 3584 ttnltttmt‘tttt
1459 3459 1880 3596 ”retundunt

219 3565 359 3645 uitur'vel
391 3590 528 3647 codicillus
560 3593 682 3647 nascitur
706 3594 748 3647 sel
780 3594 874 3647 ultima
899 3593 1032 3662 quaedam
1081 3610 1170 3665 quam,
1194 3602 1225 3649 ut
1242 3598 1304 3651 exul
1321 3595 1371 3651 fiat
1387 3613 1404 3651 a
1421 3613 1451 3653 re
1468 3597 1577 3667 pubhca
1598 3602 1704 3662 nostra,
1729 3595 1842 3650 maxime
1859 3582 1898 3647 iu*

220 3658 361 3728 dispositio
385 3659 533 3714 secuudum
559 3660 701 3730 pristinum
727 3661 879 3716 celebratur
905 3662 1031 3717 observa·
1080 3667 1302 3719 testamentorum
1320 3665 1487 3721 comendans
1505 3664 1644 3734 cupientes
1664 3664 1737 3719 hanc
1753 3662 1880 3718 edictalem

218 3728 320 3780 tionem
342 3727 419 3791 (nihil
440 3728 510 3782 enim
532 3744 566 3783 ex
587 3743 619 3783 ea
636 3730 744 3798 penitus
761 3729 955 3783 immutandum
972 3744 1032 3785 esse
1082 3735 1097 3786 3
1129 3732 1214 3800 legem
1232 3732 1260 3786 iri
1277 3733 1370 3788 orbem
1388 3739 1521 3788 terrarum
1538 3734 1670 3802 ponimus.
1704 3731 1783 3801 Quod
1799 3731 1823 3786 si
1837 3744 1898 3797 unu,

220 3800 378 3860 censemus),
395 3811 428 3850 ea
445 3795 559 3863 quidem,
579 3812 650 3865 quaa
665 3796 773 3851 mininie
789 3797 943 3876 ammiane
959 3803 1030 3865 aunt,
1081 3798 1163 3854 inerit
1188 3801 1358 3856 observatum
1390 3808 1419 3856 et
1446 3816 1543 3856 nomeu
1568 3800 1675 3857 heredis
1698 3801 1742 3855 rel
1766 3798 1898 3883 hunduni

219 3863 294 3941 nullo
308 3863 455 3933 procedere
469 3863 556 3929 modo,
575 3865 673 3933 quippe
686 3880 773 3946 causa
782 3865 956 3946 subtilissima
967 3882 1031 3935 pro·
1081 3883 1143 3947 non·
1158 3867 1241 3922 luerit
1257 3884 1338 3924 manu
1355 3869 1494 3924 metauris
1511 3869 1642 3938 scriptum
1658 3867 1700 3923 vel
1717 3883 1783 3924 soce
1804 3880 1879 3947 eorm
1897 3902 1898 3955 ἦ

219 3936 453 4080 imbuisti}
475 3931 1033 4069 ”rettulitretiulit
1080 3935 1879 4072 nuntiarentsenatununtiarent

218 4069 248 4120 et
268 4081 297 4120 ui
319 4081 407 4136 ipsum
430 4083 529 4136 corpus
549 4068 700 4123 laborantis
717 4067 863 4136 respiciens
881 4069 1030 4137 configent,
1080 4071 1136 4126 rint
1157 4073 1360 4140 praetermissa,
1383 4071 1426 4127 rel
1447 4074 1476 4127 in
1492 4073 1550 4128 eiua
1566 4072 1673 4128 heredis
1690 4072 1879 4127 insecutionem,

218 4132 249 4189 id
271 4140 315 4188 est
335 4134 377 4189 rel
393 4134 479 4189 nctus
502 4135 648 4190 neeemarii
664 4137 706 4190 vel
728 4135 846 4206 potionis
869 4136 973 4192 oblatio
990 4138 1031 4191 rel
1081 4139 1158 4194 cuius
1182 4155 1278 4194 numen
1301 4156 1388 4210 neque
1409 4140 1447 4194 lin
1467 4156 1501 4195 ua
1524 4156 1610 4211 neque
1633 4156 1731 4195 manus
1756 4136 1898 4195 mucuns

219 4201 402 4283 medicaminis
419 4202 492 4283 datio
509 4203 717 4284 roluimposltio,
756 4204 836 4259 uibus
854 4204 954 4260 rehctis
971 4204 1032 4273 ipsa
1081 4212 1097 4261 4
1124 4207 1291 4287 significavit.
1319 4208 1372 4263 Sed
1386 4223 1421 4263 ue
1435 4156 1527 4279 affiqua
1541 4208 1656 4264 forsitan
1673 4208 1773 4264 noune
1786 4208 1880 4262 tesdun
1897 4234 1898 4257 i

220 4276 323 4350 sanitas
345 4272 483 4326 testatmn
506 4271 687 4353 perichtatur,
710 4221 756 4327 rei
776 4271 800 4328 si
822 4273 882 4341 quis
903 4288 1031 4352 necmia-
1081 4274 1176 4329 animis
1194 4276 1333 4334 incumbat
1352 4277 1474 4345 pluribus
1496 4276 1629 4332 interdum
1646 4276 1801 4332 nominibus
1815 4276 1879 4355 here

219 4352 288 4417 rius·
300 4342 413 4417 naturae
434 4353 501 4392 usus
519 4338 555 4392 ad
572 4338 764 4408 depositionem
781 4338 911 4409 superflui
929 4340 1030 4410 ponda·
1081 4342 1144 4397 dum
1162 4344 1311 4412 expressis,
1334 4344 1387 4413 ipsi
1409 4348 1493 4400 testes
1516 4345 1544 4400 in
1567 4345 1623 4401 suis
1641 4343 1879 4414 subscriptionibus
1897 4372 1898 4405 l

219 4420 257 4458 ris
279 4411 416 4459 immineat
436 4405 479 4459 rel
499 4406 624 4461 testatori
640 4407 683 4462 vel
699 4407 827 4474 testibus,
849 4424 904 4463 nou
921 4424 981 4464 esse
998 4424 1032 4463 ex
1081 4426 1143 4465 cum
1161 4416 1276 4466 meatur
1293 4428 1347 4467 non
1363 4412 1432 4467 haec
1450 4413 1601 4483 scripserit,
1623 4412 1671 4468 sed
1688 4408 1898 4482 nuncuparent*

219 4471 272 4525 hac
290 4487 374 4527 causa
389 4478 578 4528 testamentum
595 4474 815 4540 subvertendum,
837 4475 901 4531 licet
921 4477 1031 4532 morbus
1081 4493 1174 4534 eorum
1197 4479 1305 4534 uomina
1330 4480 1450 4536 scribere
1471 4496 1525 4536 nou
1549 4480 1675 4536 diffarm
1697 4481 1734 4534 ad
1756 4486 1878 4535 actuum
1897 4478 1898 4529 l

220 4539 370 4606 comitialis,
396 4540 468 4608 quod
492 4546 520 4595 et
544 4539 646 4596 iactum
670 4558 730 4598 esse
751 4544 940 4612 comperimus,
967 4545 1032 4598 uni⁰
1082 4547 1327 4602 breimemoriam.
1345 4549 1482 4603 Sinverol
1502 4549 1898 4619 setestatorinqualicnnquti

220 4622 254 4661 ex
271 4606 386 4662 testibus
404 4608 558 4689 configent,
581 4609 630 4689 sed
650 4624 682 4665 eo
700 4610 771 4691 quod
788 4617 885 4678 urguet
902 4618 930 4667 et
946 4612 1030 4667 immi·
1080 4622 1159 4683 parte
1176 4617 1328 4671 testamenti
1351 4616 1461 4672 nemim
1480 4564 1608 4671 fieredum
1625 4617 1707 4680 tacut
1724 4616 1824 4671 dictum
1835 4618 1877 4692 esti
1897 4620 1898 4651 ³

219 4680 266 4729 net
283 4675 387 4743 repleto
402 4675 444 4729 iel
461 4676 583 4756 deposito
601 4682 696 4732 iterum
714 4679 795 4733 solita
813 4695 861 4748 per
877 4680 1032 4735 testammti
1082 4683 1236 4752 scripserit,
1259 4699 1452 4753 superuacuum
1475 4690 1516 4739 est
1539 4690 1622 4739 testes
1643 4685 1672 4739 iu
1690 4700 1742 4739 sua
1759 4685 1876 4747 suusne

221 4746 256 4823 t·
271 4740 416 4823 tuchonem
437 4743 585 4814 adimpleri.
601 4811 608 4825 1
626 4745 665 4800 Et
687 4745 711 4802 si
733 4746 839 4826 quidem
853 4763 880 4817 ,a
902 4751 1032 4803 testatore
1081 4750 1154 4805 tione
1171 4750 1222 4806 hoc
1240 4752 1394 4821 exprimere,
1413 4767 1474 4806 cum
1491 4751 1606 4807 forsitan
1625 4752 1732 4807 nescim
1748 4768 1794 4807 ens
1809 4753 1878 4824 terit·

220 4810 321 4879 aliquid
338 4810 388 4865 liat
403 4812 517 4891 ustibus
535 4813 671 4883 paulisper
688 4818 835 4883 separatis,
859 4831 920 4869 cum
941 4831 1032 4871 coram
1081 4823 1125 4873 tor
1150 4834 1213 4873 sues
1239 4818 1351 4874 heredes
1377 4820 1462 4876 veluit
1487 4826 1514 4875 et
1537 4820 1619 4875 semel
1644 4835 1730 4875 causa
1754 4837 1787 4875 ex
1808 4819 1898 4887 inunt

220 4877 263 4932 his
285 4878 378 4957 locere
400 4878 501 4947 ahquid
517 4881 657 4937 naturale⁷
679 4887 794 4937 testator
810 4883 963 4949 erubescat,
981 4883 1030 4938 ite·
1082 4891 1098 4942 6
1129 4887 1268 4942 testatoris
1278 4888 1414 4958 scriptura
1422 4891 1561 4957 appareat.
1589 4888 1611 4943 0
1633 4894 1703 4943 unet
1720 4889 1792 4943 enini
1807 4881 1877 4940 oum

220 4961 281 4999 rum
315 4946 477 5028 introductis
508 4948 624 5005 testibus
655 4952 875 5019 consequentium
904 4950 1031 5007 iachouis
1081 4953 1161 5009 modo
1183 4954 1224 5009 rel
1248 4955 1400 5010 alitteris
1423 4956 1563 5011 testatorh
1584 4904 1631 5011 reij
1647 4971 1681 5010 ex
1697 4972 1765 5011 roae
1821 4950 1878 5029 'tw

220 5017 236 5067 3
271 5017 433 5093 mansne
447 5015 600 5098 procedere
642 5017 672 5073 si
688 5026 778 5100 umen
794 5018 823 5072 in
839 5019 973 5099 quendum
989 5020 1031 5075 sel
1081 5023 1229 5086 macteris,
1255 5023 1353 5078 litterh
1382 5029 1473 5078 autem
1498 5024 1622 5089 testium,
1647 5024 1694 5104 qui
1718 5024 1755 5078 ad
1779 4970 1877 5093 Quis

221 5080 351 5160 quosdam
372 5085 481 5137 tubum
503 5084 602 5153 ahquid
625 5086 679 5141 tale
702 5090 854 5155 wnhngat,
877 5086 902 5142 si
925 5087 1032 5155 queem
1082 5089 1278 5145 confidendum
1294 5090 1396 5146 fuerint
1417 5091 1573 5157 consecuti,
1596 5107 1705 5147 uomina
1726 5089 1877 5162 maun

221 5163 253 5228 ex
266 5148 341 5203 brevi
355 5152 484 5219 temporis
498 5153 637 5209 intemallo
653 5155 798 5210 necessitas
807 5160 899 5225 potest
907 5155 1030 5220 hanshe,
1081 5157 1219 5212 heredum.
1254 5159 1476 5228 quemadmodum
1494 5159 1564 5214 euim
1580 5159 1609 5214 iu
1625 5159 1726 5228 elogio,
1748 5157 1816 5229 quod
1827 5166 1877 5208 sine

219 5222 316 5271 iterum
333 5218 478 5273 eorundem
494 5221 602 5276 testium
619 5237 754 5278 recemum
777 5223 916 5292 expectari
932 5229 961 5277 et
977 5225 1030 5279 sol·
1081 5226 1217 5294 scriptura
1234 5225 1384 5294 conficitur,
1402 5242 1513 5283 necesse
1530 5233 1572 5283 est
1587 5234 1745 5283 tesuwrem
1764 5239 1822 5281 roae
1833 5235 1874 5273 σ-

220 5289 236 5338 l
276 5284 375 5365 lemnia
399 5287 499 5368 peragi.
544 5289 590 5345 Sin
615 5294 705 5346 autern
730 5290 851 5359 longiore
875 5293 963 5359 spatio
987 5306 1030 5346 re·
1082 5294 1197 5373 primere
1214 5311 1312 5350 nomen
1328 5295 1371 5350 vel
1387 5296 1496 5351 nomina
1513 5293 1651 5377 heredum,
1674 5294 1714 5351 ita
1736 5296 1831 5367 eportet
1849 5296 1874 5339 et

219 5350 302 5406 iectio
328 5352 433 5432 fortuni
459 5371 542 5438 casus
560 5356 693 5440 indigeat,
720 5362 748 5414 et
774 5358 888 5413 mammo
910 5359 935 5414 si
958 5359 1031 5414 salus
1080 5377 1109 5415 in
1127 5363 1293 5418 testamentis
1311 5378 1360 5432 per
1377 5364 1540 5444 scripturam
1554 5362 1737 5426 conficiendis,
1754 5376 1812 5438 cusu
1822 5368 1873 5424 Ψ

219 5425 356 5477 metabus
381 5422 558 5492 perichtantis
579 5431 731 5493 immmeat,
756 5430 823 5482 tune
843 5427 891 5483 illo
914 5427 957 5484 rel
977 5427 1031 5482 illis
1080 5432 1196 5485 testatm
1219 5446 1301 5487 manu
1324 5446 1376 5487 sua
1392 5432 1511 5487 scribere
1528 5430 1640 5487 heredes
1657 5430 1701 5487 uel
1718 5428 1822 5485 uniant
1834 5420 1873 5475 rel

578 2096 662 2151 voluit
684 2097 860 2165 casuarium,
883 2104 1027 2153 mtestatus
1077 2098 1112 2153 ab
1136 2113 1169 2154 eo
1192 2113 1279 2168 nequa
1300 2114 1351 2168 pro
1369 2115 1400 2155 eo
1418 2100 1453 2155 ab
1470 2099 1539 2164 alio,
1563 2094 1610 2154 sed
1630 2104 1780 2167 sequantur
1795 2095 1898 2157 huius-1

219 5594 251 5656 (it
268 5593 576 5662 murnentanus.
627 5600 749 5666 (itiones
765 5602 869 5666 3,rs,ai
920 5599 1031 5667 (uldin
1080 5598 1162 5651 turals
1179 5601 1213 5665 R,
1230 5599 1326 5657 tileo
1401 5602 1438 5669 (a)
1454 5621 1474 5654 e
1494 5610 1519 5655 ii
1537 5602 1595 5656 ht
1677 5588 1870 5667 (sinebat

219 5665 275 5720 (on.
292 5663 323 5727 s.)
340 5675 402 5716 racis
419 5666 444 5728 t,
461 5676 498 5729 is,
515 5678 539 5719 si
608 5667 856 5733 (itinerantes
930 5672 964 5734 (s)
985 5671 1029 5721 Tu.
1080 5667 1281 5724 nubendique

220 5731 245 5794 l,
263 5740 315 5794 ⁴,t
366 5733 401 5798 (e)
418 5733 464 5783 uni
482 5735 536 5787 edd.
556 5753 607 5787 curn
624 5734 735 5799 Graecia,
753 5735 806 5785 utri
820 5736 880 5788 titri'
937 5737 971 5803 (t)
987 5751 1031 5787 ua·
